--- COMMENTS may be placed outside the @ENTRYTYPE{ ... } stuctures
--- CMS guidelines
---- Every journal article citation should include the DOI, assuming one exists.
---- All URLs for CMS notes, ANs, etc, should refer to the CDS server, not the CMS server. Use our standard format for them, as shown below.
----  CMS Notes not available on CDS are regarded as private and may not be cited.
----  CMS physics papers (i.e., those intended for publication in journals) may reference only POG PASs, not PAG PASs.
---- For papers by collaborations, list the collaboration in the COLLABOROATION field and put the first author and "and others" in the AUTHOR field.
----  If only the collaboration is listed as the author, put "{XXX Collaboration}" under AUTHOR.
----  Note that we automatically replace the AUTHOR field with the collaboration name for ATLAS, CMS, LHCb, and ATLAS at submission time. Please don't remove the
----  "First Author and others" in the AUTHOR field.
---- Other items:
----   PAGES: Please only list the first page, not the range.
----   ISSUE: Please do not include in most cases.
----   URL: Do not include this field if a DOI is available.
---- Number of authors to list:
----   PRL requests that we include all authors up to fifteen except for large collaborations, and we take this as our internal guide as well. If there
----   are more than fifteen, just list the first author + "and others", as above.
----   The individual journal bib style file (theirs, ours, PLB, etc.) will truncate at the appropriate point. We have ours set to _1_ for more than four.
---- Use only the URL field instead of embedding an href.
---- A reference only published on the arXiv should be listed as UNPUBLISHED (with a note "Submitted to XXX" for large collaboration papers).
----   Experimental papers only on the arXiv and not submitted for publication may not be cited.
---- Some journals will lowercase the title: use {} to protect words which must be capitalized, e.g., {LHC}, {TeV}, {CERN}, {CMS}.
----  Do not escape the entire title as it will then clash with the journal style.
---- Journal names: the journals generally include the series in the journal name, "Physical Review D", vol 5, rather than PR D5
---- >>> Please use the --preview option with the tdr script to perform a simple-minded reference check before uploading.
%
%
%    Many commonly cited papers are available under svn+ssh://svn.cern.ch/reps/tdr/utils/branches/dev/general/gen.bib and utils/trunk/higgs.bin.

%
% Notes hosted only on CDS are listed as TECHREPORTs.
%
@article{1604.08576,
      title          = "{WZ production at hadron colliders in NNLO QCD}",
      author         = "{M. Grazzini, S. Kallweit, D. Rathlev, M. Wiesemann}",
      year           = "2016",
      eprint         = "1604.08576",
      archivePrefix  = "arXiv",
      primaryClass   = "hep-ph",
      SLACcitation   = "%%CITATION = ARXIV:1604.08576;%%"
}
@article{Frederix:2016cnl,
      author         = "Frederix, Rikkert and Frixione, Stefano and Vryonidou,
                        Eleni and Wiesemann, Marius",
      title          = "{Heavy-quark mass effects in Higgs plus jets production}",
      journal        = "JHEP",
      volume         = "08",
      year           = "2016",
      pages          = "006",
      doi            = "10.1007/JHEP08(2016)006",
      eprint         = "1604.03017",
      archivePrefix  = "arXiv",
      primaryClass   = "hep-ph",
      reportNumber   = "CP3-16-11, MCNET-16-10, TUM-HEP-1040-16, ZU-TH-10-16",
      SLACcitation   = "%%CITATION = ARXIV:1604.03017;%%"
}
@article{Catani:2001cc,
      author         = "Catani, S. and Krauss, F. and Kuhn, R. and Webber, B. R.",
      title          = "{QCD matrix elements + parton showers}",
      journal        = "JHEP",
      volume         = "11",
      year           = "2001",
      pages          = "063",
      doi            = "10.1088/1126-6708/2001/11/063",
      eprint         = "hep-ph/0109231",
      archivePrefix  = "arXiv",
      primaryClass   = "hep-ph",
      reportNumber   = "CERN-TH-2000-367, CAVENDISH-HEP-00-03",
      SLACcitation   = "%%CITATION = HEP-PH/0109231;%%"
}

@article{Hoche:2014dla,
      author         = "H, Stefan and Li, Ye and Prestel, Stefan",
      title          = "{Higgs-boson production through gluon fusion at NNLO QCD
                        with parton showers}",
      journal        = "Phys. Rev.",
      volume         = "D90",
      year           = "2014",
      number         = "5",
      pages          = "054011",
      doi            = "10.1103/PhysRevD.90.054011",
      eprint         = "1407.3773",
      archivePrefix  = "arXiv",
      primaryClass   = "hep-ph",
      reportNumber   = "SLAC-PUB-16011, DESY-14-119, MCNET-14-14",
      SLACcitation   = "%%CITATION = ARXIV:1407.3773;%%"
}
@article{Boughezal:2013uia,
      author         = "Boughezal, Radja and Caola, Fabrizio and Melnikov, Kirill
                        and Petriello, Frank and Schulze, Markus",
      title          = "{Higgs boson production in association with a jet at
                        next-to-next-to-leading order in perturbative QCD}",
      journal        = "JHEP",
      volume         = "06",
      year           = "2013",
      pages          = "072",
      doi            = "10.1007/JHEP06(2013)072",
      eprint         = "1302.6216",
      archivePrefix  = "arXiv",
      primaryClass   = "hep-ph",
      reportNumber   = "ANL-HEP-PR-13-13",
      SLACcitation   = "%%CITATION = ARXIV:1302.6216;%%"
}
@article{Boughezal:2015dra,
      author         = "Boughezal, Radja and Caola, Fabrizio and Melnikov, Kirill
                        and Petriello, Frank and Schulze, Markus",
      title          = "{Higgs boson production in association with a jet at
                        next-to-next-to-leading order}",
      journal        = "Phys. Rev. Lett.",
      volume         = "115",
      year           = "2015",
      number         = "8",
      pages          = "082003",
      doi            = "10.1103/PhysRevLett.115.082003",
      eprint         = "1504.07922",
      archivePrefix  = "arXiv",
      primaryClass   = "hep-ph",
      reportNumber   = "CERN-PH-TH-2015-056, TTP15-017",
      SLACcitation   = "%%CITATION = ARXIV:1504.07922;%%"
}
@article{Boughezal:2015aha,
      author         = "Boughezal, Radja and Focke, Christfried and Giele, Walter
                        and Liu, Xiaohui and Petriello, Frank",
      title          = "{Higgs boson production in association with a jet at NNLO
                        using jettiness subtraction}",
      journal        = "Phys. Lett.",
      volume         = "B748",
      year           = "2015",
      pages          = "5-8",
      doi            = "10.1016/j.physletb.2015.06.055",
      eprint         = "1505.03893",
      archivePrefix  = "arXiv",
      primaryClass   = "hep-ph",
      reportNumber   = "FERMILAB-PUB-15-210-T",
      SLACcitation   = "%%CITATION = ARXIV:1505.03893;%%"
}
@article{Chen:2016zka,
      author         = "Chen, X. and Cruz-Martinez, J. and Gehrmann, T. and
                        Glover, E. W. N. and Jaquier, M.",
      title          = "{NNLO QCD corrections to Higgs boson production at large
                        transverse momentum}",
      journal        = "JHEP",
      volume         = "10",
      year           = "2016",
      pages          = "066",
      doi            = "10.1007/JHEP10(2016)066",
      eprint         = "1607.08817",
      archivePrefix  = "arXiv",
      primaryClass   = "hep-ph",
      reportNumber   = "IPPP-16-73, ZU-TH-29-16, FR-PHENO-2016-014",
      SLACcitation   = "%%CITATION = ARXIV:1607.08817;%%"
}
@article{Chen:2014gva,
      author         = "Chen, X. and Gehrmann, T. and Glover, E. W. N. and
                        Jaquier, M.",
      title          = "{Precise QCD predictions for the production of Higgs +
                        jet final states}",
      journal        = "Phys. Lett.",
      volume         = "B740",
      year           = "2015",
      pages          = "147-150",
      doi            = "10.1016/j.physletb.2014.11.021",
      eprint         = "1408.5325",
      archivePrefix  = "arXiv",
      primaryClass   = "hep-ph",
      reportNumber   = "IPPP-14-64, ZU-TH-27-14",
      SLACcitation   = "%%CITATION = ARXIV:1408.5325;%%"
}
@article{Neumann:2016dny,
      author         = "Neumann, Tobias and Williams, Ciaran",
      title          = "{The Higgs boson at high $p_T$}",
      journal        = "Phys. Rev.",
      volume         = "D95",
      year           = "2017",
      number         = "1",
      pages          = "014004",
      doi            = "10.1103/PhysRevD.95.014004",
      eprint         = "1609.00367",
      archivePrefix  = "arXiv",
      primaryClass   = "hep-ph",
      SLACcitation   = "%%CITATION = ARXIV:1609.00367;%%"
}
@article{Bagnaschi:2015qta,
      author         = "Bagnaschi, Emanuele and Vicini, Alessandro",
      title          = "{The Higgs transverse momentum distribution in gluon
                        fusion as a multiscale problem}",
      journal        = "JHEP",
      volume         = "01",
      year           = "2016",
      pages          = "056",
      doi            = "10.1007/JHEP01(2016)056",
      eprint         = "1505.00735",
      archivePrefix  = "arXiv",
      primaryClass   = "hep-ph",
      reportNumber   = "DESY-15-067, TIF-UNIMI-2015-3",
      SLACcitation   = "%%CITATION = ARXIV:1505.00735;%%"
}
@article{deFlorian:2016spz,
      author         = "de Florian, D. and others",
      title          = "{Handbook of LHC Higgs Cross Sections: 4. Deciphering the
                        Nature of the Higgs Sector}",
      collaboration  = "LHC Higgs Cross Section Working Group",
      year           = "2016",
      eprint         = "1610.07922",
      archivePrefix  = "arXiv",
      primaryClass   = "hep-ph",
      reportNumber   = "FERMILAB-FN-1025-T",
      SLACcitation   = "%%CITATION = ARXIV:1610.07922;%%"
}

@TECHREPORT{CMS_AN_2006-027,
     AUTHOR       = "Belotelov, I. and Golutvin, I. and Bourilkov, D. and Lanyov, A. and Rogalev, E. and Savina, M. and Shmatov, S.",
     TITLE        = "Search for {ADD} extra dimensional gravity in di-muon channel with the {CMS} Detector",
     TYPE      = "CMS Note",
     NUMBER       = "2006/076",
     URL          = "http://cdsweb.cern.ch/record/962045",
     YEAR         = "2006"}
@TECHREPORT{CMS_NOTE_2006-106,
     AUTHOR       = "Aldaya, M. and Arce, P. and Caballero, J. and de la Cruz, B. and Garcia-Abia, P. and Hernandez, J. M. and Josa, M. I. and Ruiz, E.",
     TITLE        = "Discovery potential and search strategy for the Standard Model {H}iggs boson in the {$H\to ZZ^\star\to 4\mu$} decay channel using a mass-independent analysis",
     TYPE      = "CMS Note",
     NUMBER       = "2006/106",
     URL          = "http://cdsweb.cern.ch/record/962058",
     YEAR         = "2006"}
%
% standard article
%
@Article{Brandt:1997gi,
     author    = "Brandt, A. and others",
 collaboration = "UA8",
     title     = "Measurements of single diffraction at $\sqrt{s} =$ 630 {GeV}:
                  Evidence for  a non-linear $\alpha(t)$ of the pomeron",
     journal   = "Nucl. Phys. B",
     volume    = "514",
     year      = "1998",
     pages     = "3",
     SLACcitation  = "%%CITATION = HEP-EX 9710004;%%",
     doi       = "10.1016/S0550-3213(97)00813-4"
}
@ARTICLE{Buchmuller:1986zs,
     AUTHOR       = "Buchm{\"u}ller, W. and Wyler, D.",
     TITLE        = "Constraints on {SU(5)}-type leptoquarks",
     JOURNAL      = "Phys. Lett. B",
     VOLUME       = "177",
     YEAR         = "1986",
     pages        = "377",
     SLACcitation  = "%%CITATION = PHLTA,B191,442;%%",
     doi          = "10.1016/0370-2693(86)90771-9"}
@Article{PTDR2,
     author    = "{CMS Collaboration}",
     title     = "{CMS} technical design report, volume {II}: {Physics}
                  performance",
     journal   = "J. Phys. G",
     volume    = "34",
     year      = "2007",
     pages     = "995",
     doi       = "10.1088/0954-3899/34/6/S01",
     SLACcitation  = "%%CITATION = JPHGB,G34,995;%%"
}
% PAS are now TECHREPORTS. Same for Notes. A formatted list of PASs is located in [svn]/utils/branches/dev/general/pasBib-tech.bib
@TECHREPORT{CMS-PAS-JME-10-003,
      AUTHOR      = "{CMS Collaboration}",
      COLLABORATION = {CMS},
      TITLE       = "Jet Performance in pp Collisions at $\sqrt{s}$=7 {TeV}",
      URL         = "http://cdsweb.cern.ch/record/1279362",
      TYPE     = "CMS Physics Analysis Summary",
      NUMBER      = "CMS-PAS-JME-10-003",
      YEAR        = "2010"
}
%SPIRES had this one as R. Adolphi, et. al. Wrong. Now corrected in InspireHEP.
@Article{Chatrchyan:2008zzk,
     author    = "Chatrchyan, S. and others",
     collaboration = "CMS",
     title     = "The {CMS} experiment at the {CERN} {LHC}",
     journal   = "JINST",
     volume    = "3",
     year      = "2008",
     pages     = "S08004",
     doi       = "10.1088/1748-0221/3/08/S08004",
     SLACcitation  = "%%CITATION = JINST,3,S08004;%%"
}
% An evergreen:
@article{Beringer:1900zz,
      author         = "{Particle Data Group} and Beringer, J. and others",
      title          = "{Review of Particle Physics}",
      journal        = "Phys. Rev. D",
      volume         = "86",
      pages          = "010001",
      doi            = "10.1103/PhysRevD.86.010001",
      year           = "2012",
      SLACcitation   = "%%CITATION = PHRVA,D86,010001;%%",
}
@article{Olive:2016xmw,
      author         = "Patrignani, C. and others",
      title          = "{Review of Particle Physics}",
      collaboration  = "Particle Data Group",
      journal        = "Chin. Phys.",
      volume         = "C40",
      year           = "2016",
      number         = "10",
      pages          = "100001",
      doi            = "10.1088/1674-1137/40/10/100001",
      SLACcitation   = "%%CITATION = CHPHD,C40,100001;%%"
}
%
% An example of a document which only appears on arXiv. This one could alternatively be cited as a TECHREPORT using any of the various laboratory report numbers when hosted on a lab server:
% reportNumber   = "CERN-PH-EP-2010-095, FERMILAB-TM-2480-PPD, LEPEWWG-2010-01, TEVEWWG-2010-01, ALEPH-2010-001-PHYSICS-2010-001, CDF-NOTE-10338, D0-NOTE-6130, DELPHI-DELPHI-2010-001-PHYS-952, L3-NOTE-2837, OPAL-PR432, SLAC-PUB-14301",
%
@UNPUBLISHED{LEPewkfits,
     author = "{ALEPH, CDF, D0, DELPHI, L3, OPAL, SLD Collaborations,
                                    the LEP Electroweak Working Group, the Tevatron Electroweak Working Group, and the SLD Electroweak and Heavy Flavour Groups}",
     title     = "Precision electroweak measurements and constraints on
the {Standard Model}",
     URL       = "http://lepewwg.web.cern.ch/LEPEWWG",
     eprint    = "1012.2367",
     archivePrefix = "arXiv",
     primaryClass  =  "hep-ex",
     year  = "2010",
     SLACcitation  = "%%CITATION = 1012.2367;%%"
}
%
% A document hosted on a laboratory server
%
@TECHREPORT{Bertram:2000br,
  author = " Bertram, I. and Landsberg, G. and Linnemann, J. and Partridge, R. and Paterno, M. and Prosper, H. B.",
  title =  "A Recipe for the construction of confidence limits",
  institution = "Fermilab",
  number     = "{TM-2104}",
  url = "http://lss.fnal.gov/archive/test-tm/2000/fermilab-tm-2104.pdf",
  year = "2000"
 }
 %
 % A document included in Proceedings. PRL may want the ADDRESS field as well.
 %
@INPROCEEDINGS{RooStats,
  AUTHOR       = "Moneta, L. and Belasco, K. and  Cranmer, K. S. and Lazzaro, A. and Piparo, D. and Schott, G. and Verkerke, W. and Wolf, M. ",
  TITLE        = "The {R}oo{S}tats {P}roject",
  BOOKTITLE = "13$^\text{th}$ International Workshop on Advanced Computing and Analysis Techniques in Physics Research (ACAT2010)",
  YEAR         = "2010",
  PUBLISHER = "SISSA",
  NOTE = "{PoS(ACAT2010)057}",
  URL          = "http://pos.sissa.it/archive/conferences/093/057/ACAT2010_057.pdf",
  eprint = "1009.1003",
  primaryClass = "physics.data-an"
}
%
% CMS/ATLAS papers submitted but not yet accepted; The SLACcitation is not required. This is only for illustration, these are now published.
% Upon acceptance the note is modified and the DOI included (if available).
%
@Unpublished{Khachatryan:2010mp,
     author    = "{CMS Collaboration}",
     collaboration = "CMS",
     title     = "Search for Pair Production of First-Generation Scalar Leptoquarks in pp Collisions at $\sqrt{s} = 7$ {TeV}",
     note  = "Submitted to \textit{Phys. Rev. Lett.}",
     eprint    = "1012.4031",
     archivePrefix = "arXiv",
     primaryClass  =  "hep-ex",
     year = "2010",
     SLACcitation  = "%%CITATION = 1012.4031;%%"
}
@Unpublished{CMS-PAPER-MUO-10-004,
     author    = "{CMS Collaboration}",
     collaboration = "CMS",
     title     = "Performance of CMS muon reconstruction in pp collision events at {$\sqrt{s} = 7$\TeV}",
     note  = "Submitted to \textit{J. Inst.}",
     eprint    = "1206.4071",
     archivePrefix = "arXiv",
     primaryClass  =  "physics.ins-det",
     year = "2012",
}
@Unpublished{ATLAS:2011aa,
        Archiveprefix = {arXiv},
        Author = {{ATLAS Collaboration}},
        Collaboration = {ATLAS},
        Eprint = {1112.2577},
        Note = {Submitted to \textit{Phys. Rev. Lett.}},
        Primaryclass = {hep-ex},
        Slaccitation = {%%CITATION = 1112.2577;%%},
        Title = {Search for the {H}iggs boson in the {$H\to$WW(*)$\to \ell^+ \nu \ell^- \bar{\nu}$} decay channel in pp collisions at $\sqrt{s}$ = 7 {TeV} with the {ATLAS} detector},
        Year = {2011}}
	
@Article{Sjostrand:2006za,
      author         = "Sj{\"o}strand, Torbj{\"o}rn and Mrenna, Stephen and Skands, Peter",
      title          = "{PYTHIA} 6.4 physics and manual",
      journal        = "JHEP",
      volume         = "05",
      pages          = "026",
      doi            = "10.1088/1126-6708/2006/05/026",
      year           = "2006",
      eprint         = "hep-ph/0603175",
      archivePrefix  = "arXiv",
      primaryClass   = "hep-ph",
      reportNumber   = "FERMILAB-PUB-06-052-CD-T, LU-TP-06-13",
      SLACcitation   = "%%CITATION = HEP-PH/0603175;%%",
}
@INCOLLECTION{nu2,
    author        = "Giunti, C. and Laveder, M.",
    title         = "Neutrino mixing",
    booktitle     = "Developments in Quantum Physics",
    editor        = "Columbus, F. and Krasnoholovets, V.",
    publisher     = "Nova Science Publishers, Inc.",
    eprint        = "hep-ph/0310238",
    archivePrefix = "arXiv",
    primaryClass  = "hep-ph",
    year          = "2004",
    isbn          = "1-59454-003-9"
}

@article{Dobrescu:2013coa,
      author         = "Dobrescu, Bogdan A. and Yu, Felix",
      title          = "{Coupling-mass mapping of dijet peak searches}",
      journal        = "Phys. Rev.",
      volume         = "D88",
      year           = "2013",
      number         = "3",
      pages          = "035021",
      doi            = "10.1103/PhysRevD.88.035021, 10.1103/PhysRevD.90.079901",
      note           = "[Erratum: Phys. Rev.D90,no.7,079901(2014)]",
      eprint         = "1306.2629",
      archivePrefix  = "arXiv",
      primaryClass   = "hep-ph",
      reportNumber   = "FERMILAB-PUB-13-185-T",
      SLACcitation   = "%%CITATION = ARXIV:1306.2629;%%"
}

@article{Shimmin:2016vlc,
      author         = "Shimmin, Chase and Whiteson, Daniel",
      title          = "{Boosting low-mass hadronic resonances}",
      year           = "2016",
      eprint         = "1602.07727",
      archivePrefix  = "arXiv",
      primaryClass   = "hep-ph",
      reportNumber   = "UCI-TR-2016-04",
      SLACcitation   = "%%CITATION = ARXIV:1602.07727;%%"
}

@article{Larkoski:2014wba,
      author         = "Larkoski, Andrew J. and Marzani, Simone and Soyez,Gregory and Thaler, Jesse",
      title          = "{Soft Drop}",
      journal        = "JHEP",
      volume         = "05",
      year           = "2014",
      pages          = "146",
      doi            = "10.1007/JHEP05(2014)146",
      eprint         = "1402.2657",
      archivePrefix  = "arXiv",
      primaryClass   = "hep-ph",
      reportNumber   = "MIT-CTP-4531, DCPT-14-24, IPPP-14-12",
      SLACcitation   = "%%CITATION = ARXIV:1402.2657;%%"
}

@article{Dolen:2016kst,
      author         = "Dolen, James and Harris, Philip and Marzani, Simone and
                        Rappoccio, Salvatore and Tran, Nhan",
      title          = "{Thinking outside the ROCs: Designing Decorrelated
                        Taggers (DDT) for jet substructure}",
      year           = "2016",
      eprint         = "1603.00027",
      archivePrefix  = "arXiv",
      primaryClass   = "hep-ph",
      reportNumber   = "FERMILAB-PUB-16-046-PPD",
      SLACcitation   = "%%CITATION = ARXIV:1603.00027;%%"
}

@Article{Anchordoqui:2008di,
     author         = "Anchordoqui, Luis A. and Goldberg, Haim and Lust, Dieter
                        and Nawata, Satoshi and Stieberger, Stephan and others",
      title          = "{Dijet signals for low mass strings at the LHC}",
      journal        = "Phys. Rev. Lett.",
      volume         = "101",
      pages          = "241803",
      doi            = "10.1103/PhysRevLett.101.241803",
      year           = "2008",
      eprint         = "0808.0497",
      archivePrefix  = "arXiv",
      primaryClass   = "hep-ph",
      reportNumber   = "MPP-2008-86, LMU-ASC-42-08, NUB-3262-TH-08",
      SLACcitation   = "%%CITATION = ARXIV:0808.0497;%%",
}

@Article{Cullen:2000ef,
     author         = "Cullen, Schuyler and Perelstein, Maxim and Peskin,
                        Michael E.",
      title          = "{TeV strings and collider probes of large extra
                        dimensions}",
      journal        = "Phys. Rev. D",
      volume         = "62",
      pages          = "055012",
      doi            = "10.1103/PhysRevD.62.055012",
      year           = "2000",
      eprint         = "hep-ph/0001166",
      archivePrefix  = "arXiv",
      primaryClass   = "hep-ph",
      reportNumber   = "SLAC-PUB-8319, SU-ITP-99-53",
      SLACcitation   = "%%CITATION = HEP-PH/0001166;%%",
}

@Article{ref_diquark,
      author         = "Hewett, JoAnne L. and Rizzo, Thomas G.",
      title          = "{Low-Energy Phenomenology of Superstring Inspired E(6)
                        Models}",
      journal        = "Phys. Rept.",
      volume         = "183",
      pages          = "193",
      doi            = "10.1016/0370-1573(89)90071-9",
      year           = "1989",
      reportNumber   = "MAD-PH-446, IS-J-3005",
      SLACcitation   = "%%CITATION = PRPLC,183,193;%%",
}

@Article{ref_qstar,
     author         = "Baur, U. and Hinchliffe, I. and Zeppenfeld, D.",
      title          = "Excited Quark Production at Hadron Colliders",
      journal        = "Int. J. Mod. Phys. A",
      volume         = "2",
      pages          = "1285",
      doi            = "10.1142/S0217751X87000661",
      year           = "1987",
      reportNumber   = "FERMILAB-CONF-87-102-T, MAD-PH-354, LBL-23645, C87-05-11",
      SLACcitation   = "%%CITATION = IMPAE,A2,1285;%%",
}

@Article{Baur:1989kv,
     author         = "Baur, U. and Spira, M. and Zerwas, P.M.",
      title          = "EXCITED QUARK AND LEPTON PRODUCTION AT HADRON
                        COLLIDERS",
      journal        = "Phys. Rev. D",
      volume         = "42",
      pages          = "815-824",
      doi            = "10.1103/PhysRevD.42.815",
      year           = "1990",
      reportNumber   = "MAD-PH-534, PITHA-89-26",
      SLACcitation   = "%%CITATION = PHRVA,D42,815;%%",
}

@ARTICLE{ref_axi,
      author         = "Frampton, Paul H. and Glashow, Sheldon L.",
      title          = "Chiral Color: An Alternative to the Standard Model",
      journal        = "Phys. Lett. B",
      volume         = "190",
      pages          = "157",
      doi            = "10.1016/0370-2693(87)90859-8",
      year           = "1987",
      reportNumber   = "BUHEP-87-4, HUTP-87/A007, IFP-283-UNC",
      SLACcitation   = "%%CITATION = PHLTA,B190,157;%%",
}

@article{Chivukula:2011ng,
      author         = "Chivukula, R. Sekhar and Farzinnia, Arsham and Simmons,
                        Elizabeth H. and Foadi, Roshan",
      title          = "Production of Massive Color-Octet Vector Bosons at
                        Next-to-Leading Order",
      journal        = "Phys. Rev. D",
      volume         = "85",
      pages          = "054005",
      doi            = "10.1103/PhysRevD.85.054005",
      year           = "2012",
      eprint         = "1111.7261",
      archivePrefix  = "arXiv",
      primaryClass   = "hep-ph",
      reportNumber   = "MSUHEP-111130",
      SLACcitation   = "%%CITATION = ARXIV:1111.7261;%%",
}

@Article{ref_coloron,
     author         = "Simmons, Elizabeth H.",
      title          = "Coloron phenomenology",
      journal        = "Phys. Rev. D",
      volume         = "55",
      pages          = "1678-1683",
      doi            = "10.1103/PhysRevD.55.1678",
      year           = "1997",
      eprint         = "hep-ph/9608269",
      archivePrefix  = "arXiv",
      primaryClass   = "hep-ph",
      reportNumber   = "BUHEP-96-24",
      SLACcitation   = "%%CITATION = HEP-PH/9608269;%%",
}

@article{Han:2010rf,
      author         = "Han, Tao and Lewis, Ian and Liu, Zhen",
      title          = "Colored Resonant Signals at the LHC: Largest Rate and
                        Simplest Topology",
      journal        = "JHEP",
      volume         = "1012",
      pages          = "085",
      doi            = "10.1007/JHEP12(2010)085",
      year           = "2010",
      eprint         = "1010.4309",
      archivePrefix  = "arXiv",
      primaryClass   = "hep-ph",
      reportNumber   = "MADPH-10-1563",
      SLACcitation   = "%%CITATION = ARXIV:1010.4309;%%",
}

@Article{ref_gauge,
     author         = "Eichten, E. and Hinchliffe, I. and Lane, Kenneth D. and
                        Quigg, C.",
      title          = "Super Collider Physics",
      journal        = "Rev. Mod. Phys.",
      volume         = "56",
      pages          = "579-707",
      doi            = "10.1103/RevModPhys.56.579",
      year           = "1984",
      reportNumber   = "FERMILAB-PUB-84-017-T, LBL-16875, DOE-ER-01545-345",
      SLACcitation   = "%%CITATION = RMPHA,56,579;%%",
}

@Article{ref_rsg,
     author         = "Randall, Lisa and Sundrum, Raman",
      title          = "An Alternative to compactification",
      journal        = "Phys. Rev. Lett.",
      volume         = "83",
      pages          = "4690-4693",
      doi            = "10.1103/PhysRevLett.83.4690",
      year           = "1999",
      eprint         = "hep-th/9906064",
      archivePrefix  = "arXiv",
      primaryClass   = "hep-th",
      reportNumber   = "MIT-CTP-2874, PUPT-1867, BUHEP-99-13",
      SLACcitation   = "%%CITATION = HEP-TH/9906064;%%",
}

@article{Dobrescu:2013cmh,
      author         = "Dobrescu, Bogdan A. and Yu, Felix",
      title          = "{Coupling-mass mapping of dijet peak searches}",
      journal        = "Phys. Rev. D",
      number         = "3",
      volume         = "88",
      pages          = "035021",
      doi            = "10.1103/PhysRevD.88.035021, 10.1103/PhysRevD.90.079901",
      year           = "2013",
      eprint         = "1306.2629",
      archivePrefix  = "arXiv",
      primaryClass   = "hep-ph",
      reportNumber   = "FERMILAB-PUB-13-185-T",
      SLACcitation   = "%%CITATION = ARXIV:1306.2629;%%",
}

@article{Albajar:1988rs,
      author         = "Albajar, C. and others",
      title          = "{Two Jet Mass Distributions at the CERN Proton -
                        Anti-Proton Collider}",
      collaboration  = "UA1",
      journal        = "Phys. Lett. B",
      volume         = "209",
      pages          = "127-134",
      doi            = "10.1016/0370-2693(88)91843-6",
      year           = "1988",
      reportNumber   = "CERN-EP-88-54",
      SLACcitation   = "%%CITATION = PHLTA,B209,127;%%",
}

@article{Alitti:1990kw,
      author         = "Alitti, J. and others",
      title          = "{A Measurement of two jet decays of the $W$ and $Z$
                        bosons at the CERN $\bar{p} p$ collider}",
      collaboration  = "UA2",
      journal        = "Z. Phys. C",
      volume         = "49",
      pages          = "17-28",
      doi            = "10.1007/BF01570793",
      year           = "1991",
      reportNumber   = "CERN-PPE-90-105",
      SLACcitation   = "%%CITATION = ZEPYA,C49,17;%%",
}

@article{Alitti:1993pn,
      author         = "Alitti, J. and others",
      title          = "{A Search for new intermediate vector mesons and excited
                        quarks decaying to two jets at the CERN $\bar{p} p$
                        collider}",
      collaboration  = "UA2",
      journal        = "Nucl. Phys. B",
      volume         = "400",
      pages          = "3-24",
      doi            = "10.1016/0550-3213(93)90395-6",
      year           = "1993",
      reportNumber   = "CERN-PPE-93-66",
      SLACcitation   = "%%CITATION = NUPHA,B400,3;%%",
}

@article{Abe:1989gz,
      author         = "Abe, F. and others",
      title          = "{The Two jet invariant mass distribution at $\sqrt{s} =
                        1.8$ TeV}",
      collaboration  = "CDF",
      journal        = "Phys. Rev. D",
      volume         = "41",
      pages          = "1722-1725",
      doi            = "10.1103/PhysRevD.41.1722",
      year           = "1990",
      reportNumber   = "FERMILAB-PUB-89-229-E",
      SLACcitation   = "%%CITATION = PHRVA,D41,1722;%%",
}

@article{Abe:1993it,
      author         = "Abe, F. and others",
      title          = "{Search for quark compositeness, axigluons and heavy
                        particles using the dijet invariant mass spectrum observed
                        in $p\bar{p}$ collisions}",
      collaboration  = "CDF",
      journal        = "Phys. Rev. Lett.",
      volume         = "71",
      pages          = "2542-2546",
      doi            = "10.1103/PhysRevLett.71.2542",
      year           = "1993",
      reportNumber   = "FERMILAB-PUB-93-151-E, CDF-ANAL-JET-CDFR-2064",
      SLACcitation   = "%%CITATION = PRLTA,71,2542;%%",
}

@article{Abe:1995jz,
      author         = "Abe, F. and others",
      title          = "{Search for new particles decaying to dijets in
                        $p\bar{p}$ collisions at $\sqrt{s} = 1.8$ TeV}",
      collaboration  = "CDF",
      journal        = "Phys. Rev. Lett.",
      volume         = "74",
      pages          = "3538-3543",
      doi            = "10.1103/PhysRevLett.74.3538",
      year           = "1995",
      eprint         = "hep-ex/9501001",
      archivePrefix  = "arXiv",
      primaryClass   = "hep-ex",
      reportNumber   = "FERMILAB-PUB-94-405-E",
      SLACcitation   = "%%CITATION = HEP-EX/9501001;%%",
}

@article{Abe:1997hm,
      author         = "Abe, F. and others",
      title          = "{Search for new particles decaying to dijets at CDF}",
      collaboration  = "CDF",
      journal        = "Phys. Rev. D",
      volume         = "55",
      pages          = "5263-5268",
      doi            = "10.1103/PhysRevD.55.R5263",
      year           = "1997",
      eprint         = "hep-ex/9702004",
      archivePrefix  = "arXiv",
      primaryClass   = "hep-ex",
      reportNumber   = "FERMILAB-PUB-97-023-E, FERMILAB-PUB-98-173-EY",
      SLACcitation   = "%%CITATION = HEP-EX/9702004;%%",
}

@article{Aaltonen:2008dn,
      author         = "Aaltonen, T. and others",
      title          = "{Search for new particles decaying into dijets in
                        proton-antiproton collisions at s**(1/2) = 1.96-TeV}",
      collaboration  = "CDF",
      journal        = "Phys. Rev. D",
      volume         = "79",
      pages          = "112002",
      doi            = "10.1103/PhysRevD.79.112002",
      year           = "2009",
      eprint         = "0812.4036",
      archivePrefix  = "arXiv",
      primaryClass   = "hep-ex",
      reportNumber   = "FERMILAB-PUB-08-572-E",
      SLACcitation   = "%%CITATION = ARXIV:0812.4036;%%",
}

@article{Abazov:2003tj,
      author         = "Abazov, V.M. and others",
      title          = "{Search for new particles in the two jet decay channel
                        with the D0 detector}",
      collaboration  = "D0",
      journal        = "Phys. Rev. D",
      volume         = "69",
      pages          = "111101",
      doi            = "10.1103/PhysRevD.69.111101",
      year           = "2004",
      eprint         = "hep-ex/0308033",
      archivePrefix  = "arXiv",
      primaryClass   = "hep-ex",
      reportNumber   = "FERMILAB-PUB-03-459-E",
      SLACcitation   = "%%CITATION = HEP-EX/0308033;%%",
}
@article{Aad:2010ae,
      author         = "Aad, G. and others",
      title          = "{Search for New Particles in Two-Jet Final States in 7
                        TeV Proton-Proton Collisions with the ATLAS Detector at
                        the LHC}",
      collaboration  = "ATLAS",
      journal        = "Phys. Rev. Lett.",
      volume         = "105",
      pages          = "161801",
      doi            = "10.1103/PhysRevLett.105.161801",
      year           = "2010",
      eprint         = "1008.2461",
      archivePrefix  = "arXiv",
      primaryClass   = "hep-ex",
      reportNumber   = "CERN-PH-EP-2010-028",
      SLACcitation   = "%%CITATION = ARXIV:1008.2461;%%",
}

@article{Aad:2011aj,
      author         = "Aad, Georges and others",
      title          = "{Search for New Physics in Dijet Mass and Angular
                        Distributions in pp Collisions at $\sqrt{s} = 7$ TeV
                        Measured with the ATLAS Detector}",
      collaboration  = "ATLAS",
      journal        = "New J. Phys.",
      volume         = "13",
      pages          = "053044",
      doi            = "10.1088/1367-2630/13/5/053044",
      year           = "2011",
      eprint         = "1103.3864",
      archivePrefix  = "arXiv",
      primaryClass   = "hep-ex",
      reportNumber   = "CERN-PH-EP-2011-030",
      SLACcitation   = "%%CITATION = ARXIV:1103.3864;%%",
}

@article{Aad:2011fq,
      author         = "Aad, Georges and others",
      title          = "{Search for New Physics in the Dijet Mass Distribution
                        using 1 fb$^{-1}$ of $pp$ Collision Data at $\sqrt{s}=7$
                        TeV collected by the ATLAS Detector}",
      collaboration  = "ATLAS",
      journal        = "Phys. Lett. B",
      volume         = "708",
      pages          = "37-54",
      doi            = "10.1016/j.physletb.2012.01.035",
      year           = "2012",
      eprint         = "1108.6311",
      archivePrefix  = "arXiv",
      primaryClass   = "hep-ex",
      reportNumber   = "CERN-PH-EP-2011-127",
      SLACcitation   = "%%CITATION = ARXIV:1108.6311;%%",
}

@article{ATLAS:2012pu,
      author         = "Aad, Georges and others",
      title          = "{ATLAS search for new phenomena in dijet mass and angular
                        distributions using $pp$ collisions at $\sqrt{s}=7$ TeV}",
      collaboration  = "ATLAS",
      journal        = "JHEP",
      volume         = "01",
      pages          = "029",
      doi            = "10.1007/JHEP01(2013)029",
      year           = "2013",
      eprint         = "1210.1718",
      archivePrefix  = "arXiv",
      primaryClass   = "hep-ex",
      reportNumber   = "CERN-PH-EP-2012-257",
      SLACcitation   = "%%CITATION = ARXIV:1210.1718;%%",
}

@article{Aad:2014aqa,
      author         = "Aad, G. and others",
      title          = "{Search for new phenomena in the dijet mass distribution
                        using $p-p$ collision data at $\sqrt{s}=8$ TeV with the
                        ATLAS detector}",
      collaboration  = "ATLAS",
      journal        = "Phys. Rev. D",
      number         = "5",
      volume         = "91",
      pages          = "052007",
      doi            = "10.1103/PhysRevD.91.052007",
      year           = "2015",
      eprint         = "1407.1376",
      archivePrefix  = "arXiv",
      primaryClass   = "hep-ex",
      reportNumber   = "CERN-PH-EP-2014-147",
      SLACcitation   = "%%CITATION = ARXIV:1407.1376;%%",
}

@article{Khachatryan:2010jd,
      author         = "Khachatryan, Vardan and others",
      title          = "{Search for Dijet Resonances in 7 TeV pp Collisions at
                        CMS}",
      collaboration  = "CMS",
      journal        = "Phys. Rev. Lett.",
      volume         = "105",
      pages          = "211801",
      doi            = "10.1103/PhysRevLett.105.211801,
                        10.1103/PhysRevLett.106.029902",
      year           = "2010",
      eprint         = "1010.0203",
      archivePrefix  = "arXiv",
      primaryClass   = "hep-ex",
      reportNumber   = "CMS-EXO-10-010, CERN-PH-EP-2010-035",
      SLACcitation   = "%%CITATION = ARXIV:1010.0203;%%",
}
@article{Chatrchyan:2011ns,
      author         = "Chatrchyan, Serguei and others",
      title          = "{Search for Resonances in the Dijet Mass Spectrum from 7
                        TeV pp Collisions at CMS}",
      collaboration  = "CMS",
      journal        = "Phys. Lett. B",
      volume         = "704",
      pages          = "123-142",
      doi            = "10.1016/j.physletb.2011.09.015",
      year           = "2011",
      eprint         = "1107.4771",
      archivePrefix  = "arXiv",
      primaryClass   = "hep-ex",
      reportNumber   = "CERN-PH-EP-2011-119, CMS-EXO-11-015",
      SLACcitation   = "%%CITATION = ARXIV:1107.4771;%%",
}

@article{CMS:2012yf,
      author         = "Chatrchyan, Serguei and others",
      title          = "{Search for narrow resonances and quantum black holes in
                        inclusive and $b$-tagged dijet mass spectra from $pp$
                        collisions at $\sqrt{s}=7$ TeV}",
      collaboration  = "CMS",
      journal        = "JHEP",
      volume         = "01",
      pages          = "013",
      doi            = "10.1007/JHEP01(2013)013",
      year           = "2013",
      eprint         = "1210.2387",
      archivePrefix  = "arXiv",
      primaryClass   = "hep-ex",
      reportNumber   = "CMS-EXO-11-094, CERN-PH-EP-2012-277",
      SLACcitation   = "%%CITATION = ARXIV:1210.2387;%%",
}
@article{Chatrchyan:2013qha,
      author         = "Chatrchyan, Serguei and others",
      title          = "{Search for narrow resonances using the dijet mass
                        spectrum in pp collisions at $\sqrt{s}$=8  TeV}",
      collaboration  = "CMS",
      journal        = "Phys. Rev. D",
      number         = "11",
      volume         = "87",
      pages          = "114015",
      doi            = "10.1103/PhysRevD.87.114015",
      year           = "2013",
      eprint         = "1302.4794",
      archivePrefix  = "arXiv",
      primaryClass   = "hep-ex",
      reportNumber   = "CMS-EXO-12-016, CERN-PH-EP-2013-015",
      SLACcitation   = "%%CITATION = ARXIV:1302.4794;%%",
}

@article{Khachatryan:2015sja,
      author         = "Khachatryan, V. and others",
      title          = "{Search for resonances and quantum black holes using
                        dijet mass spectra in proton-proton collisions at
                        $\sqrt{s} =$ 8 TeV}",
      collaboration  = "CMS",
      journal        = "Phys. Rev. D",
      number         = "5",
      volume         = "91",
      pages          = "052009",
      doi            = "10.1103/PhysRevD.91.052009",
      year           = "2015",
      eprint         = "1501.04198",
      archivePrefix  = "arXiv",
      primaryClass   = "hep-ex",
      reportNumber   = "CMS-EXO-12-059, CERN-PH-EP-2014-300",
      SLACcitation   = "%%CITATION = ARXIV:1501.04198;%%",
}

@article{Harris:2011bh,
      author         = "Harris, Robert M. and Kousouris, Konstantinos",
      title          = "{Searches for Dijet Resonances at Hadron Colliders}",
      journal        = "Int. J. Mod. Phys. A",
      volume         = "26",
      pages          = "5005-5055",
      doi            = "10.1142/S0217751X11054905",
      year           = "2011",
      eprint         = "1110.5302",
      archivePrefix  = "arXiv",
      primaryClass   = "hep-ex",
      reportNumber   = "FERMILAB-PUB-11-567, CERN-OPEN-2011-044",
      SLACcitation   = "%%CITATION = ARXIV:1110.5302;%%",
}

@article{Dobrescu:2014fca,
      author         = "Dobrescu, Bogdan A. and Frugiuele, Claudia",
      title          = "{Hidden GeV-scale interactions of quarks}",
      journal        = "Phys. Rev. Lett.",
      volume         = "113",
      year           = "2014",
      pages          = "061801",
      doi            = "10.1103/PhysRevLett.113.061801",
      eprint         = "1404.3947",
      archivePrefix  = "arXiv",
      primaryClass   = "hep-ph",
      reportNumber   = "FERMILAB-PUB-14-098-T",
      SLACcitation   = "%%CITATION = ARXIV:1404.3947;%%"
}

@article{Bertolini:2014bba,
      author         = "Bertolini, Daniele and Harris, Philip and Low, Matthew
                        and Tran, Nhan",
      title          = "{Pileup Per Particle Identification}",
      journal        = "JHEP",
      volume         = "10",
      year           = "2014",
      pages          = "059",
      doi            = "10.1007/JHEP10(2014)059",
      eprint         = "1407.6013",
      archivePrefix  = "arXiv",
      primaryClass   = "hep-ph",
      reportNumber   = "FERMILAB-PUB-14-238-PPD, EFI-14-18, MIT-CTP-4558",
      SLACcitation   = "%%CITATION = ARXIV:1407.6013;%%"
}

@techreport{AN-2015-272,
      author         = "Tristan du Pree et al.",
      title          = "{Search for dark matter in association with a boosted top quark in the all hadronic final state}",
      year           = "2015",
      reportNumber   = "CMS AN-2015-272"
}

@techreport{CMS-MUO-TWIKI-ID,
  author = "{CMS MUO POG}",
  title = "{CMS MUO POG recommendations}",
  year = "2015",
  url = "{https://twiki.cern.ch/twiki/bin/view/CMSPublic/SWGuideMuonIdRun2}",
  urldate = "{2016}"
}

@techreport{CMS-MUO-TWIKI-SF,
  author = "{CMS MUO POG}",
  title = "{CMS MUO POG SF recommendations}",
  year = "2017",
  url = "{https://twiki.cern.ch/twiki/bin/viewauth/CMS/MuonWorkInProgressAndPagResults}",
  urldate = "{2017}"
}
@techreport{CMS-TOP-PT-REWEIGHT,
author = "{CMS TOP PAG}",
  title = "{CMS TOP PAG recommendations}",
year = "2016",
url = "{https://twiki.cern.ch/twiki/bin/viewauth/CMS/TopSystematics#pt_top_Reweighting}",
urldate = "{2016}"
}

@techreport{CMS-EGM-TWIKI-ID,
  author = "{CMS EGM POG}",
  title = "{CMS EGM POG recommendations}",
  year = "2015",
  url = "{https://twiki.cern.ch/twiki/bin/viewauth/CMS/CutBasedElectronIdentificationRun2}",
  urldate = {2016}
}

@techreport{CMS-COMBINE-TWIKI,
  author = {CMS Combine Twiki},
  title = {CMS Combine Twiki},
  year = 2015,
  url = {https://twiki.cern.ch/twiki/bin/viewauth/CMS/SWGuideHiggsAnalysisCombinedLimit},
  urldate = {2016}
}

@techreport{BTV-TWIKI,
  author= {CMS BTV Twiki},
  title={CMS BTV Twiki},
   year= 2017,
   url ={https://twiki.cern.ch/twiki/bin/viewauth/CMS/BtagRecommendation80XReReco},
   urldate = {2017}
}
@inproceedings{Kallweit:2015fta,
      author         = "Kallweit, Stefan and Lindert, Jonas M. and Pozzorini,
                        Stefano and Schönherr, Marek and Maierhöfer, Philipp",
      title          = "{NLO QCD+EW automation and precise predictions for
                        V+multijet production}",
      booktitle      = "{Proceedings, 50th Rencontres de Moriond, QCD and high
                        energy interactions}",
      url            = "https://inspirehep.net/record/1372103/files/arXiv:1505.05704.pdf",
      year           = "2015",
      pages          = "121-124",
      eprint         = "1505.05704",
      archivePrefix  = "arXiv",
      primaryClass   = "hep-ph",
      reportNumber   = "DCPT-15-56, IPPP-15-28, MITP-15-037, ZU-TH-12-15",
      SLACcitation   = "%%CITATION = ARXIV:1505.05704;%%"
}
@article{Kallweit:2015dum,
      author         = "Kallweit, Stefan and Lindert, Jonas M. and Maierhofer,
                        Philipp and Pozzorini, Stefano and Schönherr, Marek",
      title          = "{NLO QCD+EW predictions for V + jets including off-shell
                        vector-boson decays and multijet merging}",
      journal        = "JHEP",
      volume         = "04",
      year           = "2016",
      pages          = "021",
      doi            = "10.1007/JHEP04(2016)021",
      eprint         = "1511.08692",
      archivePrefix  = "arXiv",
      primaryClass   = "hep-ph",
      reportNumber   = "DCPT-15-140, FR-PHENO-2015-014, IPPP-15-70, MCNET-15-23,
                        MITP-15-108, ZU-TH-41-15, --MITP-15-108",
      SLACcitation   = "%%CITATION = ARXIV:1511.08692;%%"
}
@article{Kallweit:2014xda,
      author         = "Kallweit, Stefan and Lindert, Jonas M. and Maierhöfer,
                        Philipp and Pozzorini, Stefano and Schönherr, Marek",
      title          = "{NLO electroweak automation and precise predictions for
                        W+multijet production at the LHC}",
      journal        = "JHEP",
      volume         = "04",
      year           = "2015",
      pages          = "012",
      doi            = "10.1007/JHEP04(2015)012",
      eprint         = "1412.5157",
      archivePrefix  = "arXiv",
      primaryClass   = "hep-ph",
      reportNumber   = "LPN14-127, IPPP-14-107, DCPT-14-214, MCNET-14-26,
                        ZU-TH-42-14, MITP-14-102, --MITP-14-102",
      SLACcitation   = "%%CITATION = ARXIV:1412.5157;%%"
}
@article{Khachatryan:2014vla,
      author         = "Khachatryan, Vardan and others",
      title          = "{Identification techniques for highly boosted W bosons
                        that decay into hadrons}",
      collaboration  = "CMS",
      journal        = "JHEP",
      volume         = "12",
      year           = "2014",
      pages          = "017",
      doi            = "10.1007/JHEP12(2014)017",
      eprint         = "1410.4227",
      archivePrefix  = "arXiv",
      primaryClass   = "hep-ex",
      reportNumber   = "CMS-JME-13-006, CERN-PH-EP-2014-241",
      SLACcitation   = "%%CITATION = ARXIV:1410.4227;%%"
}

@article{Khachatryan:2014gha,
      author         = "Khachatryan, Vardan and others",
      title          = "{Search for massive resonances decaying into pairs of
                        boosted bosons in semi-leptonic final states at $\sqrt{s}
                        =$ 8 TeV}",
      collaboration  = "CMS",
      journal        = "JHEP",
      volume         = "08",
      year           = "2014",
      pages          = "174",
      doi            = "10.1007/JHEP08(2014)174",
      eprint         = "1405.3447",
      archivePrefix  = "arXiv",
      primaryClass   = "hep-ex",
      reportNumber   = "CMS-EXO-13-009, CERN-PH-EP-2014-076",
      SLACcitation   = "%%CITATION = ARXIV:1405.3447;%%"
}
@article{Khachatryan:2014hpa,
      author         = "Khachatryan, Vardan and others",
      title          = "{Search for massive resonances in dijet systems
                        containing jets tagged as W or Z boson decays in pp
                        collisions at $ \sqrt{s} $ = 8 TeV}",
      collaboration  = "CMS",
      journal        = "JHEP",
      volume         = "08",
      year           = "2014",
      pages          = "173",
      doi            = "10.1007/JHEP08(2014)173",
      eprint         = "1405.1994",
      archivePrefix  = "arXiv",
      primaryClass   = "hep-ex",
      reportNumber   = "CMS-EXO-12-024, CERN-PH-EP-2014-071",
      SLACcitation   = "%%CITATION = ARXIV:1405.1994;%%"
}


@techreport{LHCCLs,
      AUTHOR = "{ATLAS and CMS Collaborations}",
      COLLABORATIONS = "ATLAS and CMS",
      TITLE        = "{Procedure for the LHC Higgs boson search combination
                       in Summer 2011}",
      TYPE       = "CMS Note/ATLAS Pub",
      NUMBER       = "CMS-NOTE-2011-005, ATL-PHYS-PUB-2011-11",
      YEAR         = "2011",
      URL          = "http://cdsweb.cern.ch/record/1379837"
}


@Article{Junk1999,
  author    = "Junk, T.",
  title     = "{Confidence level computation for combining searches with small statistics}",
  journal   = "Nucl. Instr. and Meth. A",
  volume    = "434",
  year      = "1999",
  pages     = "435",
  doi       = "10.1016/S0168-9002(99)00498-2",
      eprint         = "hep-ex/9902006",
      archivePrefix  = "arXiv",
      primaryClass   = "hep-ex",
      reportNumber   = "CARLETON-OPAL-PHYS-99-01, CERN-EP-99-041",
  SLACcitation  = "%%CITATION = HEP-EX/9902006;%%"                                            
}

@ARTICLE{bib-cls,
  author = "Read, A. L.",
  title = "{Presentation of search results: the {CL$_{\mathrm{s}}$} technique}",
  journal = "J. Phys. G",
  volume = "28",
  pages = "2693",
  doi = "10.1088/0954-3899/28/10/313",
  year = "2002",
  SLACcitation   = "%%CITATION = JPHGB,G28,2693;%%",
}
@inproceedings{Read:2000ru,
      author         = "Read, Alexander L.",
      title          = "{Modified frequentist analysis of search results (The
                        CL$_{\mathrm{s}}$ method)}",
      booktitle      = "{Workshop on confidence limits, CERN, Geneva,
                        Switzerland, 17-18 Jan 2000: Proceedings}",
      url            = "http://weblib.cern.ch/abstract?CERN-OPEN-2000-205",
      year           = "2000",
      reportNumber   = "CERN-OPEN-2000-205",
      SLACcitation   = "%%CITATION = CERN-OPEN-2000-205;%%"
}


@book{Asimov,
author = "{Isaac Asimov}",
title = "{Isaac Asimov: The Complete Stories, Vol. 1}",
publisher = "{Broadway Books}",
year = 1990,
address = {New York City, USA}
}
@article{Wilks:1938dza,
      author         = "Wilks, S. S.",
      title          = "{The Large-Sample Distribution of the Likelihood Ratio
                        for Testing Composite Hypotheses}",
      journal        = "Annals Math. Statist.",
      volume         = "9",
      year           = "1938",
      number         = "1",
      pages          = "60-62",
      doi            = "10.1214/aoms/1177732360",
      SLACcitation   = "%%CITATION = AASTA,9,60;%%"
}

@article{Wald,
 ISSN = {00029947},
 URL = {http://www.jstor.org/stable/1990256},
 author = {Abraham Wald},
 journal = {Transactions of the American Mathematical Society},
 number = {3},
 pages = {426-482},
 publisher = {American Mathematical Society},
 title = {Tests of Statistical Hypotheses Concerning Several Parameters When the Number of Observations is Large},
 volume = {54},
 year = {1943}
}


@article{Cowan:2010js,
      author         = "Cowan, Glen and Cranmer, Kyle and Gross, Eilam and
                        Vitells, Ofer",
      title          = "{Asymptotic formulae for likelihood-based tests of new
                        physics}",
      journal        = "Eur. Phys. J.",
      volume         = "C71",
      year           = "2011",
      pages          = "1554",
      doi            = "10.1140/epjc/s10052-011-1554-0,
                        10.1140/epjc/s10052-013-2501-z",
      note           = "[Erratum: Eur. Phys. J.C73,2501(2013)]",
      eprint         = "1007.1727",
      archivePrefix  = "arXiv",
      primaryClass   = "physics.data-an",
      SLACcitation   = "%%CITATION = ARXIV:1007.1727;%%"
}

@article{Boughezal:2016wmq,
      author         = "Boughezal, Radja and Campbell, John M. and Ellis, R.
                        Keith and Focke, Christfried and Giele, Walter and Liu,
                        Xiaohui and Petriello, Frank and Williams, Ciaran",
      title          = "{Color singlet production at NNLO in MCFM}",
      year           = "2016",
      eprint         = "1605.08011",
      archivePrefix  = "arXiv",
      primaryClass   = "hep-ph",
      reportNumber   = "FERMILAB-PUB-16-120-T, IPPP-16-32",
      SLACcitation   = "%%CITATION = ARXIV:1605.08011;%%"
}
@techreport{CMS-PAS-EXO-15-004,
      title         = "{Search for new physics in high mass diphoton events in
                       proton-proton collisions at $\sqrt{s} = 13$ TeV}",
      institution   = "CERN",
      collaboration = "CMS Collaboration",
      address       = "Geneva",
      number        = "CMS-PAS-EXO-15-004",
      year          = "2015",
      reportNumber  = "CMS-PAS-EXO-15-004",
      url           = "http://cds.cern.ch/record/2114808",
}


@ARTICLE{Salam:1961en,
      AUTHOR		= "Salam, Abdus and Ward, John Clive",
      TITLE			= "On a Gauge Theory of Elementary Interactions",
      JOURNAL		= "Nuovo Cim.",
      VOLUME     	= "19",
      PAGES       		= "165-170",
      DOI            	= "10.1007/BF02812723",
      YEAR         		= "1961"
}
%%------------------------------------------------------------------------%%
@ARTICLE{Glashow:1961tr,
      AUTHOR   		= "Glashow, S.L.",
      TITLE     		= "Partial Symmetries of Weak Interactions",
      JOURNAL    	= "Nucl.Phys.",
      VOLUME     	= "22",
      PAGES   		= "579-588",
      DOI       		= "10.1016/0029-5582(61)90469-2",
      YEAR      		= "1961"
}
%%------------------------------------------------------------------------%%
@ARTICLE{Weinberg:1967tq,
      AUTHOR  		= "Weinberg, Steven",
      TITLE          	= "A Model of Leptons",
      JOURNAL     	= "Phys.Rev.Lett.",
      VOLUME     	= "19",
      PAGES      		= "1264-1266",
      DOI            	= "10.1103/PhysRevLett.19.1264",
      YEAR         		= "1967"
}
%%------------------------------------------------------------------------%%
@ARTICLE{PhysRevLett.13.321,
      AUTHOR 		= "Englert, F. and Brout, R.",
      TITLE 			= "Broken Symmetry and the Mass of Gauge Vector Mesons",
      JOURNAL    	= "Phys. Rev. Lett.",
      VOLUME 		= "13",
      issue 			= "9",
      PAGES 		= "321-323",
      YEAR 			= "1964",
      DOI 			= "10.1103/PhysRevLett.13.321"
}
%%------------------------------------------------------------------------%%
@ARTICLE{PhysRevLett.13.508,
      TITLE 			= "Broken Symmetries and the Masses of Gauge Bosons",
      AUTHOR 		= "Higgs, Peter W.",
      JOURNAL 		= "Phys. Rev. Lett.",
      VOLUME 		= "13",
      issue 			= "16",
      PAGES 		= "508-509",
      YEAR 			= "1964",
      DOI 			= "10.1103/PhysRevLett.13.508"
}
%%------------------------------------------------------------------------%%
@ARTICLE{PhysRevLett.13.585,
      TITLE 			= "Global Conservation Laws and Massless Particless",
      AUTHOR 		= "Guralnik, G. S. and Hagen, C. R. and Kibble, T. W. B.",
      JOURNAL 		= "Phys. Rev. Lett.",
      VOLUME 		= "13",
      issue 			= "20",
      PAGES 		= "585-587",
      YEAR 			= "1964",
      DOI 			= "10.1103/PhysRevLett.13.585"
}
%%------------------------------------------------------------------------%%
@ARTICLE{:2012gu,
      AUTHOR    			= "Chatrchyan, Serguei and others",
      TITLE          	 	= "Observation of a new boson at a mass of 125 GeV with the CMS experiment at the LHC",
      COLLABORATION  	= "CMS",
      JOURNAL        		= "Phys.Lett.",
      VOLUME         		= "B716",
      PAGES          		= "30-61",
      DOI            		= "10.1016/j.physletb.2012.08.021",
      YEAR           		= "2012",
      eprint         		= "1207.7235",
      archivePrefix  		= "arXiv",
      primaryClass   		= "hep-ex",
      reportNumber   		= "CMS-HIG-12-028, CERN-PH-EP-2012-220"
}
%%------------------------------------------------------------------------%%
@ARTICLE{:2012gk,
      AUTHOR         		= "Aad, Georges and others",
      TITLE          		= "Observation of a new particle in the search for the Standard Model Higgs boson with the ATLAS detector at the LHC",
      COLLABORATION  	= "ATLAS",
      JOURNAL        		= "Phys.Lett.",
      VOLUME         		= "B716",
      PAGES          		= "1-29",
      DOI            		= "10.1016/j.physletb.2012.08.020",
      YEAR           		= "2012",
      eprint         		= "1207.7214",
      archivePrefix  		= "arXiv",
      primaryClass   		= "hep-ex",
      reportNumber   		= "CERN-PH-EP-2012-218"
}
%%------------------------------------------------------------------------%%
@article{Aad:2015zhl,
      author         = "Aad, Georges and others",
      title          = "{Combined Measurement of the Higgs Boson Mass in $pp$
                        Collisions at $\sqrt{s}=7$ and 8 TeV with the ATLAS and
                        CMS Experiments}",
      collaboration  = "{ATLAS and CMS}",
      journal        = "Phys. Rev. Lett.",
      volume         = "114",
      year           = "2015",
      pages          = "191803",
      doi            = "10.1103/PhysRevLett.114.191803",
      eprint         = "1503.07589",
      archivePrefix  = "arXiv",
      primaryClass   = "hep-ex",
      reportNumber   = "ATLAS-HIGG-2014-14, CMS-HIG-14-042, CERN-PH-EP-2015-075",
      SLACcitation   = "%%CITATION = ARXIV:1503.07589;%%"
}
@article{CMS:2015kwa,
      key            = "1393544",
      author         = "{The ATLAS and CMS Collaborations}",
      title          = "{Measurements of the Higgs boson production and decay
                        rates and constraints on its couplings from a combined
                        ATLAS and CMS analysis of the LHC pp collision data at
                        $\sqrt{s}$ = 7 and 8 TeV}",
      year           = "2015",
      reportNumber   = "ATLAS-CONF-2015-044 / CMS-PAS-HIG-15-002",
      SLACcitation   = "%%CITATION = ATLAS-CONF-2015-044;%%"
}
@ARTICLE{Dittmaier:2011ti,
      AUTHOR     	= "{LHC Higgs Cross Section Working Group} and Dittmaier, S. and Mariotti, C. and Passarino, G. and Tanaka (Eds.), R.",
      TITLE         	= "Handbook of LHC Higgs Cross Sections: 1. Inclusive Observables",
      JOURNAL     	= "CERN-2011-002",
      YEAR         		= "CERN, Geneva, 2011",
      eprint      		= "1101.0593",
      archivePrefix   	= "arXiv",
      primaryClass   	= "hep-ph"
}
%%------------------------------------------------------------------------%%
@ARTICLE{Dittmaier:2012vm,
      AUTHOR    		= "{LHC Higgs Cross Section Working Group} and Dittmaier, S. and Mariotti, C. and Passarino, G. and Tanaka (Eds.), R.",
      TITLE         	= "Handbook of LHC Higgs Cross Sections: 2. Differential Distributions",
      JOURNAL      	= "CERN-2012-002",
      YEAR         		= "CERN, Geneva, 2012",
      eprint      		= "1201.3084",
      archivePrefix   	= "arXiv",
      primaryClass   	= "hep-ph"
}
%%------------------------------------------------------------------------%%
@ARTICLE{Heinemeyer:2013tqa,
      AUTHOR   		= "{LHC Higgs Cross Section Working Group} and Heinemeyer, S. and Mariotti, C. and Passarino, G. and Tanaka (Eds.), R.", 
      TITLE         	= "Handbook of LHC Higgs Cross Sections: 3. Higgs Properties",
      JOURNAL     	= "CERN-2013-004",
      YEAR         		= "CERN, Geneva, 2013",
      eprint      		= "1307.1347",
      archivePrefix   	= "arXiv",
      primaryClass   	= "hep-ph"
}
@article{YR4,
      author         = "de Florian, D. and others",
      title          = "{Handbook of LHC Higgs Cross Sections: 4. Deciphering the
                        Nature of the Higgs Sector}",
      collaboration  = "LHC Higgs Cross Section Working Group",
      year           = "2016",
      eprint         = "1610.07922",
      archivePrefix  = "arXiv",
      primaryClass   = "hep-ph",
      reportNumber   = "FERMILAB-FN-1025-T",
      url           = {https://twiki.cern.ch/twiki/bin/view/LHCPhysics/LHCHXSWG#SM_Higgs},
      SLACcitation   = "%%CITATION = ARXIV:1610.07922;%%"
}
@article{Chatrchyan:2012ww,
      author         = "Chatrchyan, Serguei and others",
      title          = "{Search for the standard model Higgs boson decaying to
                        bottom quarks in $pp$ collisions at $\sqrt{s}=7$ TeV}",
      collaboration  = "CMS",
      journal        = "Phys. Lett.",
      volume         = "B710",
      year           = "2012",
      pages          = "284-306",
      doi            = "10.1016/j.physletb.2012.02.085",
      eprint         = "1202.4195",
      archivePrefix  = "arXiv",
      primaryClass   = "hep-ex",
      reportNumber   = "CMS-HIG-11-031, CERN-PH-EP-2012-040",
      SLACcitation   = "%%CITATION = ARXIV:1202.4195;%%"
}
@article{Chatrchyan:2013zna,
      author         = "Chatrchyan, Serguei and others",
      title          = "{Search for the standard model Higgs boson produced in
                        association with a W or a Z boson and decaying to bottom
                        quarks}",
      collaboration  = "CMS",
      journal        = "Phys. Rev.",
      volume         = "D89",
      year           = "2014",
      number         = "1",
      pages          = "012003",
      doi            = "10.1103/PhysRevD.89.012003",
      eprint         = "1310.3687",
      archivePrefix  = "arXiv",
      primaryClass   = "hep-ex",
      reportNumber   = "CMS-HIG-13-012, CERN-PH-EP-2013-188",
      SLACcitation   = "%%CITATION = ARXIV:1310.3687;%%"
}
@article{Khachatryan:2014jba,
      author         = "Khachatryan, Vardan and others",
      title          = "{Precise determination of the mass of the Higgs boson and
                        tests of compatibility of its couplings with the standard
                        model predictions using proton collisions at 7 and 8
                        $\,\text {TeV}$}",
      collaboration  = "CMS",
      journal        = "Eur. Phys. J.",
      volume         = "C75",
      year           = "2015",
      number         = "5",
      pages          = "212",
      doi            = "10.1140/epjc/s10052-015-3351-7",
      eprint         = "1412.8662",
      archivePrefix  = "arXiv",
      primaryClass   = "hep-ex",
      reportNumber   = "CMS-HIG-14-009, CERN-PH-EP-2014-288",
      SLACcitation   = "%%CITATION = ARXIV:1412.8662;%%"
}
@article{Khachatryan:2015bnx,
      author         = "Khachatryan, Vardan and others",
      title          = "{Search for the standard model Higgs boson produced
                        through vector boson fusion and decaying to $b
                        \overline{b}$}",
      collaboration  = "CMS",
      journal        = "Phys. Rev.",
      volume         = "D92",
      year           = "2015",
      number         = "3",
      pages          = "032008",
      doi            = "10.1103/PhysRevD.92.032008",
      eprint         = "1506.01010",
      archivePrefix  = "arXiv",
      primaryClass   = "hep-ex",
      reportNumber   = "CMS-14-004, CERN-PH-EP-2015-121, CMS-HIG-14-004",
      SLACcitation   = "%%CITATION = ARXIV:1506.01010;%%"
}

@article{Cacciari:2015jma,
      author         = "Cacciari, Matteo and Dreyer, Frédéric A. and Karlberg,
                        Alexander and Salam, Gavin P. and Zanderighi, Giulia",
      title          = "{Fully Differential Vector-Boson-Fusion Higgs Production
                        at Next-to-Next-to-Leading Order}",
      journal        = "Phys. Rev. Lett.",
      volume         = "115",
      year           = "2015",
      number         = "8",
      pages          = "082002",
      doi            = "10.1103/PhysRevLett.115.082002",
      eprint         = "1506.02660",
      archivePrefix  = "arXiv",
      primaryClass   = "hep-ph",
      reportNumber   = "CERN-PH-TH-2015-127, OUTP-15-12P",
      SLACcitation   = "%%CITATION = ARXIV:1506.02660;%%"
}
@article{Chatrchyan:2013yea,
      author         = "Chatrchyan, Serguei and others",
      title          = "{Search for the standard model Higgs boson produced in
                        association with a top-quark pair in pp collisions at the
                        LHC}",
      collaboration  = "CMS",
      journal        = "JHEP",
      volume         = "05",
      pages          = "145",
      doi            = "10.1007/JHEP05(2013)145",
      year           = "2013",
      eprint         = "1303.0763",
      archivePrefix  = "arXiv",
      primaryClass   = "hep-ex",
      reportNumber   = "CMS-HIG-12-035, CERN-PH-EP-2013-027",
      SLACcitation   = "%%CITATION = ARXIV:1303.0763;%%",
}
@article{Khachatryan:2014qaa,
      author         = "Khachatryan, Vardan and others",
      title          = "{Search for the associated production of the Higgs boson
                        with a top-quark pair}",
      collaboration  = "CMS",
      journal        = "JHEP",
      volume         = "09",
      year           = "2014",
      pages          = "087",
      doi            = "10.1007/JHEP09(2014)087, 10.1007/JHEP10(2014)106",
      note           = "[Erratum: JHEP10,106(2014)]",
      eprint         = "1408.1682",
      archivePrefix  = "arXiv",
      primaryClass   = "hep-ex",
      reportNumber   = "CMS-HIG-13-029, CERN-PH-EP-2014-189",
      SLACcitation   = "%%CITATION = ARXIV:1408.1682;%%"
}
@ARTICLE{Nason:2004rx,
      AUTHOR         		= "Nason, Paolo",
      TITLE          		= "A New method for combining NLO QCD with shower Monte Carlo algorithms",
      JOURNAL        		= "JHEP",
      VOLUME         		= "0411",
      PAGES          		= "040",
      DOI            		= "10.1088/1126-6708/2004/11/040",
      YEAR           		= "2004",
      eprint         		= "hep-ph/0409146",
      archivePrefix  		= "arXiv",
      primaryClass   		= "hep-ph",
      reportNumber   		= "BICOCCA-FT-04-11"
}
@article{Sjostrand:2007gs,
      author         = "Sjostrand, Torbjorn and Mrenna, Stephen and Skands, Peter
                        Z.",
      title          = "{A Brief Introduction to PYTHIA 8.1}",
      journal        = "Comput. Phys. Commun.",
      volume         = "178",
      year           = "2008",
      pages          = "852-867",
      doi            = "10.1016/j.cpc.2008.01.036",
      eprint         = "0710.3820",
      archivePrefix  = "arXiv",
      primaryClass   = "hep-ph",
      reportNumber   = "CERN-LCGAPP-2007-04, LU-TP-07-28,
                        FERMILAB-PUB-07-512-CD-T",
      SLACcitation   = "%%CITATION = ARXIV:0710.3820;%%"
}
@ARTICLE{Golonka:2003xt,
      AUTHOR         		= "Golonka, P. and Kersevan, B. and Pierzchala, T. and Richter-Was, E. and Was, Z. and others",
      TITLE          		= "The Tauola photos F environment for the TAUOLA and PHOTOS packages: Release. 2.",
      JOURNAL        		= "Comput.Phys.Commun.",	
      VOLUME         		= "174",
      PAGES          		= "818-835",
      DOI            		= "10.1016/j.cpc.2005.12.018",
      YEAR           		= "2006",
      eprint         		= "hep-ph/0312240",
      archivePrefix  		= "arXiv",
      primaryClass   		= "hep-ph",
      reportNumber   		= "CERN-TH-2003-287"
}
@ARTICLE{Alwall:2011uj,
      AUTHOR         		= "Alwall, Johan and Herquet, Michel and Maltoni, Fabio and Mattelaer, Olivier and Stelzer, Tim",
      TITLE          		= "MadGraph 5 : Going Beyond",
      JOURNAL        		= "JHEP",
      VOLUME         		= "1106",
      PAGES          		= "128",
      DOI            		= "10.1007/JHEP06(2011)128",
      YEAR           		= "2011",
      eprint         		= "1106.0522",
      archivePrefix  		= "arXiv",
      primaryClass   		= "hep-ph",
      reportNumber   		= "FERMILAB-PUB-11-448-T"
}
@article{Mangano:2006rw,
      author         = "Mangano, Michelangelo L. and Moretti, Mauro and
                        Piccinini, Fulvio and Treccani, Michele",
      title          = "{Matching matrix elements and shower evolution for
                        top-quark production in hadronic collisions}",
      journal        = "JHEP",
      volume         = "01",
      year           = "2007",
      pages          = "013",
      doi            = "10.1088/1126-6708/2007/01/013",
      eprint         = "hep-ph/0611129",
      archivePrefix  = "arXiv",
      primaryClass   = "hep-ph",
      reportNumber   = "CERN-PH-TH-2006-232, FNT-T-2006-09",
      SLACcitation   = "%%CITATION = HEP-PH/0611129;%%"
}
@article{Alwall:2014hca,
      author         = "Alwall, J. and Frederix, R. and Frixione, S. and Hirschi,
                        V. and Maltoni, F. and Mattelaer, O. and Shao, H. -S. and
                        Stelzer, T. and Torrielli, P. and Zaro, M.",
      title          = "{The automated computation of tree-level and
                        next-to-leading order differential cross sections, and
                        their matching to parton shower simulations}",
      journal        = "JHEP",
      volume         = "07",
      year           = "2014",
      pages          = "079",
      doi            = "10.1007/JHEP07(2014)079",
      eprint         = "1405.0301",
      archivePrefix  = "arXiv",
      primaryClass   = "hep-ph",
      reportNumber   = "CERN-PH-TH-2014-064, CP3-14-18, LPN14-066, MCNET-14-09,
                        ZU-TH-14-14",
      SLACcitation   = "%%CITATION = ARXIV:1405.0301;%%"
}
@article{Frederix:2012ps,
      author         = "Frederix, Rikkert and Frixione, Stefano",
      title          = "{Merging meets matching in MC@NLO}",
      journal        = "JHEP",
      volume         = "12",
      year           = "2012",
      pages          = "061",
      doi            = "10.1007/JHEP12(2012)061",
      eprint         = "1209.6215",
      archivePrefix  = "arXiv",
      primaryClass   = "hep-ph",
      reportNumber   = "CERN-PH-TH-2012-247, ZU-TH-21-12",
      SLACcitation   = "%%CITATION = ARXIV:1209.6215;%%"
}
@article{Khachatryan:2015pea,
      author         = "Khachatryan, Vardan and others",
      title          = "{Event generator tunes obtained from underlying event and
                        multiparton scattering measurements}",
      collaboration  = "CMS",
      year           = "2015",
      eprint         = "1512.00815",
      archivePrefix  = "arXiv",
      primaryClass   = "hep-ex",
      reportNumber   = "CMS-GEN-14-001, CERN-PH-EP-2015-291,
                        FERMILAB-PUB-15-595-CMS",
      SLACcitation   = "%%CITATION = ARXIV:1512.00815;%%"
}
@article{Ball:2014uwa,
      author         = "Ball, Richard D. and others",
      title          = "{Parton distributions for the LHC Run II}",
      collaboration  = "NNPDF",
      journal        = "JHEP",
      volume         = "04",
      year           = "2015",
      pages          = "040",
      doi            = "10.1007/JHEP04(2015)040",
      eprint         = "1410.8849",
      archivePrefix  = "arXiv",
      primaryClass   = "hep-ph",
      reportNumber   = "EDINBURGH-2014-15, IFUM-1034-FT, CERN-PH-TH-2013-253,
                        OUTP-14-11P, CAVENDISH-HEP-14-11",
      SLACcitation   = "%%CITATION = ARXIV:1410.8849;%%"
}

@article{Gavin:2010az,
      author         = "Gavin, Ryan and Li, Ye and Petriello, Frank and
                        Quackenbush, Seth",
      title          = "{FEWZ 2.0: A code for hadronic Z production at
                       next-to-next-to-leading order}",
      journal        = "Comput. Phys. Commun.",
      volume         = "182",
      pages          = "2388",
      doi            = "10.1016/j.cpc.2011.06.008",
      year           = "2011",
      eprint         = "1011.3540",
      archivePrefix  = "arXiv",
      primaryClass   = "hep-ph",
      reportNumber   = "ANL-HEP-PR-10-60",
      SLACcitation   = "%%CITATION = ARXIV:1011.3540;%%",
}

@article{Li:2012wna,
      author         = "Li, Ye and Petriello, Frank",
      title          = "{Combining QCD and electroweak corrections to dilepton
                       production in the framework of the FEWZ simulation code}",
      journal        = "Phys. Rev. D",
      volume         = "86",
      pages          = "094034",
      doi            = "10.1103/PhysRevD.86.094034",
      year           = "2012",
      eprint         = "1208.5967",
      archivePrefix  = "arXiv",
      primaryClass   = "hep-ph",
      reportNumber   = "ANL-HEP-PR-12-68",
      SLACcitation   = "%%CITATION = ARXIV:1208.5967;%%",
}

@article{Gavin:2012sy,
      author         = "Gavin, Ryan and Li, Ye and Petriello, Frank and
                        Quackenbush, Seth",
      title          = "{W physics at the LHC with FEWZ 2.1}",
      journal        = "Comput. Phys. Commun.",
      volume         = "184",
      pages          = "208",
      doi            = "10.1016/j.cpc.2012.09.005",
      year           = "2013",
      eprint         = "1201.5896",
      archivePrefix  = "arXiv",
      primaryClass   = "hep-ph",
      reportNumber   = "ANL-HEP-PR-11-83, NUHEP-TH-12-01, PSI-PR-12-01",
      SLACcitation   = "%%CITATION = ARXIV:1201.5896;%%",
}

@UNPUBLISHED{Kidonakis:2012db,
      author         = "Kidonakis, Nikolaos",
      title          = "{Differential and total cross sections for top pair and single top production}",
      pages          = "831",
      doi            = "10.3204/DESY-PROC-2012-02/251",
      year           = "2012",
      eprint         = "1205.3453",
      archivePrefix  = "arXiv",
      primaryClass   = "hep-ph",
      SLACcitation   = "%%CITATION = ARXIV:1205.3453;%%",
}

@article{Czakon:2013goa,
      author         = "Czakon, Michal and Fiedler, Paul and Mitov, Alexander",
      title          = "{Total Top-Quark Pair-Production Cross Section at Hadron Colliders Through O($\alpha_S^4$)}",
      journal        = "Phys. Rev. Lett.",
      volume         = "110",
      pages          = "252004",
      doi            = "10.1103/PhysRevLett.110.252004",
      year           = "2013",
      eprint         = "1303.6254",
      archivePrefix  = "arXiv",
      primaryClass   = "hep-ph",
      reportNumber   = "CERN-PH-TH-2013-056, TTK-13-08",
      SLACcitation   = "%%CITATION = ARXIV:1303.6254;%%",
}
@misc{heppy,
AUTHOR       = "{CMS Physics Analysis Tools}",
TITLE        = " Heppy : a mini framework for HEP event processing in python",
howpublished         = "\url{https://twiki.cern.ch/twiki/bin/view/CMSPublic/SWGuideHeppy}"
}
@misc{PUreweight,
AUTHOR       = "{CMS Physics Analysis Tools}",
     Title    = "{Pileup reweighting procedure}",
howpublished         = "\url{https://twiki.cern.ch/...}"
}
@misc{elMVA,
AUTHOR       = "{CMS EGM POG}",
     Title    = "{Multivariate Electron Identification for Run2}",
howpublished         = "\url{https://twiki.cern.ch/twiki/bin/viewauth/CMS/MultivariateElectronIdentificationRun2}"
}
@TECHREPORT{CMS-PAS-PFT-09-001,
      COLLABORATION = "CMS",
      TITLE         = "Particle--flow event reconstruction in {CMS} and performance for jets, taus, and {\MET}",
      AUTHOR        = "{CMS COLLABORATION}",
      URL           = "http://cdsweb.cern.ch/record/1194487",
      TYPE          = "CMS Physics Analysis Summary",
      NUMBER        = "CMS-PAS-PFT-09-001",
      INSTITUTION   = "CERN",
      YEAR          = "2009"
}
@TECHREPORT{CMS-PAS-PFT-10-001,
      COLLABORATION = "CMS",
      TITLE         = "Commissioning of the Particle-flow Event Reconstruction with the first LHC collisions recorded in the CMS detector",
      AUTHOR        = "{CMS COLLABORATION}",
      URL           = "http://cdsweb.cern.ch/record/1247373",
      TYPE          = "CMS Physics Analysis Summary",
      NUMBER        = "CMS-PAS-PFT-10-001",
      INSTITUTION   = "CERN",
      YEAR          = "2010"
}
@article{Cacciari:2005hq,
      author         = "Cacciari, Matteo and Salam, Gavin P.",
      title          = "{Dispelling the $N^{3}$ myth for the $k_{t}$ jet-finder}",
      journal        = "Phys. Lett. B",
      volume         = "641",
      pages          = "57",
      doi            = "10.1016/j.physletb.2006.08.037",
      year           = "2006",
      eprint         = "hep-ph/0512210",
      archivePrefix  = "arXiv",
      primaryClass   = "hep-ph",
      reportNumber   = "LPTHE-05-32",
      SLACcitation   = "%%CITATION = HEP-PH/0512210;%%",
}
@ARTICLE{Cacciari:2008gp,
      AUTHOR         = "Cacciari, Matteo and Salam, Gavin P. and Soyez, Gregory",
      TITLE          = "The anti-$k_{t}$ jet clustering algorithm",
      JOURNAL        = "JHEP",
      VOLUME         = "04",
      YEAR           = "2008",
      PAGES          = "063",
      DOI            = "10.1088/1126-6708/2008/04/063",
      eprint         = "0802.1189",
      archivePrefix  = "arXiv",
      primaryClass   = "hep-ph",
      SLACcitation   = "%%CITATION = ARXIV:0802.1189;%%",
}
@TECHREPORT{CMS-PAS-JME-13-005,
      COLLABORATION = "CMS",
      TITLE       = "Pileup jet identification",
      AUTHOR      = "{CMS Collaboration}",
      URL         = "http://cdsweb.cern.ch/record/1581583",
      TYPE        = "CMS Physics Analysis Summary",
      NUMBER      = "CMS-PAS-JME-13-005",
      INSTITUTION = "CERN",
      YEAR        = "2013"
}
@article{Chatrchyan:2011ds,
      author         = "Chatrchyan, Serguei and others",
      title          = "{Determination of Jet Energy Calibration and Transverse
                        Momentum Resolution in CMS}",
      collaboration  = "CMS",
      journal        = "JINST",
      volume         = "6",
      year           = "2011",
      pages          = "P11002",
      doi            = "10.1088/1748-0221/6/11/P11002",
      eprint         = "1107.4277",
      archivePrefix  = "arXiv",
      primaryClass   = "physics.ins-det",
      reportNumber   = "CERN-PH-EP-2011-102, CMS-JME-10-011",
      SLACcitation   = "%%CITATION = ARXIV:1107.4277;%%"
}
@article{Chatrchyan:2012jua,
      author         = "Chatrchyan, Serguei and others",
      title          = "{Identification of b-quark jets with the CMS experiment}",
      collaboration  = "CMS",
      journal        = "JINST",
      volume         = "8",
      year           = "2013",
      pages          = "P04013",
      doi            = "10.1088/1748-0221/8/04/P04013",
      eprint         = "1211.4462",
      archivePrefix  = "arXiv",
      primaryClass   = "hep-ex",
      reportNumber   = "CMS-BTV-12-001, CERN-PH-EP-2012-262",
      SLACcitation   = "%%CITATION = ARXIV:1211.4462;%%"
}

@TECHREPORT{CMS-PAS-MUO-10-002,
      COLLABORATION = "CMS",
      TITLE       = "Performance of muon identification in pp collisions at $\sqrt{s}$ = 7 {TeV}",
      AUTHOR      = "{CMS Collaboration}",
      URL         = "http://cdsweb.cern.ch/record/1279140",
      TYPE        = "CMS Physics Analysis Summary",
      NUMBER      = "CMS-PAS-MUO-10-002",
      YEAR        = "2010"
}
@article{Chatrchyan:2012xi,
      author         = "Chatrchyan, Serguei and others",
      title          = "{Performance of CMS muon reconstruction in $pp$ collision
                        events at $\sqrt{s}=7$ TeV}",
      collaboration  = "CMS",
      journal        = "JINST",
      volume         = "7",
      year           = "2012",
      pages          = "P10002",
      doi            = "10.1088/1748-0221/7/10/P10002",
      eprint         = "1206.4071",
      archivePrefix  = "arXiv",
      primaryClass   = "physics.ins-det",
      reportNumber   = "CMS-MUO-10-004, CERN-PH-EP-2012-173",
      SLACcitation   = "%%CITATION = ARXIV:1206.4071;%%"
}
@article{Khachatryan:2015hwa,
      author         = "Khachatryan, Vardan and others",
      title          = "{Performance of Electron Reconstruction and Selection
                        with the CMS Detector in Proton-Proton Collisions at
                        $\sqrt{s}$ = 8  TeV}",
      collaboration  = "CMS",
      journal        = "JINST",
      volume         = "10",
      year           = "2015",
      number         = "06",
      pages          = "P06005",
      doi            = "10.1088/1748-0221/10/06/P06005",
      eprint         = "1502.02701",
      archivePrefix  = "arXiv",
      primaryClass   = "physics.ins-det",
      reportNumber   = "CMS-EGM-13-001, CERN-PH-EP-2015-004",
      SLACcitation   = "%%CITATION = ARXIV:1502.02701;%%"
}
@misc{MVAeID,
AUTHOR       = "{CMS Electron/gamma Physics Object Group}",
     title   = "{recipes for Run 2 ID criteria}",
howpublished         = "\url{https://twiki.cern.ch/twiki/bin/view/CMS/EgammaIDRecipesRun2}"
}
@misc{btagWeight,
AUTHOR       = "{CMS BTV POG}",
     Title    = "{Event reweighting using scale factors calculated with a tag and probe method}",
howpublished         = "\url{https://twiki.cern.ch/twiki/bin/view/CMS/BTagShapeCalibration}"
}
@Article{Butterworth:2008iy,
     author    = "Butterworth, Jonathan M. and Davison, Adam R. and Rubin,
                  Mathieu and Salam, Gavin P.",
     title     = "{Jet substructure as a new Higgs search channel at the
                  LHC}",
     journal   = "Phys. Rev. Lett.",
     volume    = "100",
     year      = "2008",
     pages     = "242001",
     eprint    = "0802.2470",
     archivePrefix = "arXiv",
     primaryClass  =  "hep-ph",
     doi       = "10.1103/PhysRevLett.100.242001",
     SLACcitation  = "%%CITATION = 0802.2470;%%"
}
@article{Aaltonen:2011bp,
      author         = "Aaltonen, T. and Buzatu, A. and Kilminster, B. and Nagai,
                        Y. and Yao, W.",
      title          = "{Improved $b$-jet Energy Correction for $H \to b\bar{b}$
                        Searches at CDF}",
      collaboration  = "CDF, D0",
      year           = "2011",
      eprint         = "1107.3026",
      archivePrefix  = "arXiv",
      primaryClass   = "hep-ex",
      reportNumber   = "FERMILAB-TM-2513-PPD",
      SLACcitation   = "%%CITATION = ARXIV:1107.3026;%%"
}
@InProceedings{Hocker:2007ht,
author  =       "Helge Voss and Andreas H{\"o}cker and J{\"o}rg Stelzer and Frerik Tegenfeldt",
booktitle = "XIth International Workshop on Advanced Computing and Analysis Techniques in Physics Research (ACAT)",
title    =      "{TMVA}, the Toolkit for Multivariate Data Analysis with {ROOT}",
year     =      "2007",
pages    =      "40",
url      =      "http://pos.sissa.it/archive/conferences/050/040/ACAT_040.pdf",
eprint   =      "physics/0703039",
archivePrefix    =      "arXiv",
SLACcitation     =      "%%CITATION = PHYSICS/0703039;%%"
}
@article{Chatrchyan:2014fea,
      author         = "Chatrchyan, Serguei and others",
      title          = "{Description and performance of track and primary-vertex
                        reconstruction with the CMS tracker}",
      collaboration  = "CMS",
      journal        = "JINST",
      volume         = "9",
      year           = "2014",
      number         = "10",
      pages          = "P10009",
      doi            = "10.1088/1748-0221/9/10/P10009",
      eprint         = "1405.6569",
      archivePrefix  = "arXiv",
      primaryClass   = "physics.ins-det",
      reportNumber   = "CMS-TRK-11-001, CERN-PH-EP-2014-070",
      SLACcitation   = "%%CITATION = ARXIV:1405.6569;%%"
}
@article{Cacciari:2011ma,
      author         = "Cacciari, Matteo and Salam, Gavin P. and Soyez, Gregory",
      title          = "{FastJet User Manual}",
      journal        = "Eur. Phys. J.",
      volume         = "C72",
      year           = "2012",
      pages          = "1896",
      doi            = "10.1140/epjc/s10052-012-1896-2",
      eprint         = "1111.6097",
      archivePrefix  = "arXiv",
      primaryClass   = "hep-ph",
      reportNumber   = "CERN-PH-TH-2011-297",
      SLACcitation   = "%%CITATION = ARXIV:1111.6097;%%"
}
% ======================================================== OLD ========================
% Notes hosted only on CDS are listed as TECHREPORTs.
%
@inproceedings{RooStats,
	Author = {Moneta, L. and Belasco, K. and Cranmer, K.S. and Lazzaro, A. and Piparo, D. and Schott, G. and Verkerke, W. and Wolf, M.},
	Booktitle = {13$^\text{th}$ International Workshop on Advanced Computing and Analysis Techniques in Physics Research (ACAT2010)},
	Eprint = {1009.1003},
	Note = {{PoS(ACAT2010)057}},
	Primaryclass = {physics.data-an},
	Publisher = {SISSA},
	Title = {The {R}oo{S}tats {P}roject},
	Url = {http://pos.sissa.it/archive/conferences/093/057/ACAT2010_057.pdf},
	Year = {2010},
	Bdsk-Url-1 = {http://pos.sissa.it/archive/conferences/093/057/ACAT2010_057.pdf}}

@misc{LandS,
	Author = {{Chen, M. and Korytov, A.}},
	Date-Added = {2011-07-04 04:25:27 -0400},
	Date-Modified = {2011-07-04 04:25:27 -0400},
	Howpublished = {https://mschen.web.cern.ch/mschen/LandS/},
	Title = {Limits and Signifcance}}
	


@Article{SMsigmas,
     author    = "{Standard Model Cross Sections}",
     title     = "{https://twiki.cern.ch/twiki/bin/viewauth/CMS/StandardModelCrossSections}", 
     journal   = "{https://twiki.cern.ch/twiki/bin/viewauth/CMS/StandardModelCrossSections}",
     year = "2012"
}

@Article{HAWK1,
     author    = "Ciccolini, M. and Denner, Ansgar and Dittmaier, S.",
     title     = "{Strong and electroweak corrections to the production of
                  Higgs+2jets via weak interactions at the LHC}",
     journal   = "Phys. Rev. Lett.",
     volume    = "99",
     year      = "2007",
     pages     = "161803",
     eprint    = "0707.0381",
     archivePrefix = "arXiv",
     primaryClass  =  "hep-ph",
     doi       = "10.1103/PhysRevLett.99.161803"
}

@Article{HAWK2,
     author    = "Ciccolini, Mariano and Denner, Ansgar and Dittmaier, Stefan
                  ",
     title     = "{Electroweak and QCD corrections to Higgs production via
                  vector-boson fusion at the LHC}",
     journal   = "Phys. Rev.",
     volume    = "D77",
     year      = "2008",
     pages     = "013002",
     eprint    = "0710.4749",
     archivePrefix = "arXiv",
     primaryClass  =  "hep-ph",
     doi       = "10.1103/PhysRevD.77.013002"
}

@article{Grazzini,
      author         = "Ferrera, G. and Grazzini, M. and Tramontano, F.",
      title          = "{Associated WH production at hadron colliders: a fully
                        exclusive QCD calculation at NNLO}",
      year           = "2011",
      note           = "* Temporary entry *",
      eprint         = "1107.1164",
      archivePrefix  = "arXiv",
      primaryClass   = "hep-ph",
}

@MISC{HAWK3,
NOTE="Stefan Dittmaier, talk at EPS 2011"
}


@MISC{PDF4LHC,
NOTE="PDF4LHC Working Group,
{\tt http://www.hep.ucl.ac.uk/pdf4lhc/PDF4LHCrecom.pdf}"
}

@MISC{PileUp,
NOTE="Pileup reweighting procedure,
{\tt https://twiki.cern.ch/twiki/bin/viewauth/CMS/PileupReweighting}"
}


@ARTICLE{ATLASEPS2011,
     AUTHOR       = "{ATLAS Collaboration}",
     TITLE        = "Search for the Standard Model Higgs boson produced in association 
                     with a vector boson and decaying to a b-quark pair with the ATLAS 
		     detector at the LHC ",
     JOURNAL      = "ATLAS Note, ",
     VOLUME       = "ATLAS-CONF-2011-103",
     URL          = "http://cdsweb.cern.ch/record/1369826/files/ATLAS-CONF-2011-103.pdf",
     YEAR         = "2011"}

@ARTICLE{ATLASEPSTALK2011,
     AUTHOR       = "{ATLAS Collaboration}",
     TITLE        = "Higgs Search in the \HBB\ Channel at ATLAS",
     JOURNAL      = "EPS Conference, Grenoble, France,",
     VOLUME       = "parallel session talk,",
     URL          = "{http://indico.in2p3.fr/getFile.py/access?contribId=295&sessionId=6&resId=0&materialId=slides&confId=5116}",
     YEAR         = "2011"}

@Article{LEPHIGGS,
     author    = "{ALEPH, DELPHI, L3, OPAL Collaborations, and The LEP Working Group for Higgs Boson Searches}",
     title = "Search for the Standard Model Higgs boson at {LEP}",
     journal   = "Phys. Lett.",
     volume    = "B565",
     year      = "2003",
     pages     = "61",
     doi       = "10.1016/S0370-2693(03)00614-2"
}

@article{LHCHiggsWG,
   author         = "{LHC Higgs Cross Section Working Group} and Dittmaier, S.
                   and Mariotti, C. and Passarino, G. and Tanaka (Eds.), R. and others",
   title          = "Handbook of LHC Higgs Cross Sections: Inclusive Observables",
   year           = "2011",
   eprint         = "1101.0593",
   archivePrefix  = "arXiv",
   primaryClass   = "hep-ph",
}

@ARTICLE{HIG-11-003,
     AUTHOR       = "{HWW subgroup}",
     TITLE        = "Search for Higgs Boson Decays to Two W Bosons in the Fully Leptonic Final State at $\sqrt{s}=7\TeV$ with 2011 data of CMS detector",
     JOURNAL      = "CMS Physics Analysis Summary, HIG-11-003",
     VOLUME       = "",
     URL		  = "",
     YEAR         = "2011"}

@ARTICLE{HIG-11-004,
     AUTHOR       = "{HZZ subgroup}",
     TITLE        = "Search for a Standard Model Higgs boson produced in the decay channel H$\to$ZZ$^{(*)}\to 4\ell$",
     JOURNAL      = "CMS Physics Analysis Summary, HIG-11-004",
     VOLUME       = "",
     URL		  = "",
     YEAR         = "2011"}

@ARTICLE{HIG-11-005,
     AUTHOR       = "{HZZ subgroup}",
     TITLE        = "Search for a Standard Model Higgs boson using the  H$\to$ZZ$^(*)\to 2\ell 2\nu$ decay
     mode in pp-collisions at $\sqrt{s}=7\TeV$",
     JOURNAL      = "CMS Physics Analysis Summary, HIG-11-005",
     VOLUME       = "",
     URL		  = "",
     YEAR         = "2011"}

@ARTICLE{HIG-11-006,
     AUTHOR       = "{HZZ subgroup}",
     TITLE        = "Search for a SM Higgs or BSM Boson H$\to$ZZ$\to(\ell^+\ell^-)(q\bar{q})$",
     JOURNAL      = "CMS Physics Analysis Summary, HIG-11-006",
     VOLUME       = "",
     URL		  = "",
     YEAR         = "2011"}

@ARTICLE{HIG-11-009,
     AUTHOR       = "{Htt subgroup}",
     TITLE        = "Search for Neutral Higgs Bosons Decaying to Tau Pairs in pp Collisions at $\sqrt{s}=7\TeV$",
     JOURNAL      = "CMS Physics Analysis Summary, HIG-11-009",
     VOLUME       = "",
     URL		  = "",
     YEAR         = "2011"}

@ARTICLE{HIG-11-010,
     AUTHOR       = "{Hgg subgroup}",
     TITLE        = "Search for a Higgs boson decaying into two photons in proton-proton collisions recorded
     by the CMS detector at the LHC",
     JOURNAL      = "CMS Physics Analysis Summary, HIG-11-010",
     VOLUME       = "",
     URL		  = "",
     YEAR         = "2011"}

@ARTICLE{HIG-11-011,
     AUTHOR       = "{CMS Higgs Combination}",
     TITLE        = "Search for standard model Higgs boson in pp collisions at $\sqrt{s}=7\TeV$",
     JOURNAL      = "CMS Physics Analysis Summary, HIG-11-011",
     VOLUME       = "HIG-11-011",
     URL	  = "{http://cms-physics.web.cern.ch/cms-physics/public/HIG-11-011-pas.pdf}",
     YEAR         = "2011"}

@ARTICLE{HIG-11-012,
     AUTHOR       = "{Hbb subgroup}",
     TITLE        = "Search for the Standard Model Higgs Boson decaying to Bottom Quarks and Produced in Association with a W or a Z Boson",
     JOURNAL      = "CMS Physics Analysis Summary",
     VOLUME       = "HIG-11-012",
     URL          = "{http://cms-physics.web.cern.ch/cms-physics/public/HIG-11-012-pas.pdf}",
     YEAR         = "2011"}

@ARTICLE{HIG-12-019,
     AUTHOR       = "{Hbb subgroup}",
     TITLE        = "Search for the Standard Model Higgs Boson decaying to Bottom Quarks and Produced in Association with a W or a Z Boson (ICHEP12)",
     JOURNAL      = "CMS Physics Analysis Summary",
     VOLUME       = "HIG-12-019",
     URL          = "{http://cms-physics.web.cern.ch/cms-physics/public/HIG-12-019-pas.pdf}",
     YEAR         = "2012"}
@ARTICLE{CMS-PAS-HIG-17-010,
      COLLABORATION = "CMS",
      TITLE       = "Inclusive search for boosted Higgs bosons produced in pp collisions at $\sqrt{s}=13\TeV$ using $\PH\to\bbbar$ decays",
      AUTHOR      = "{CMS Collaboration}",
      URL         = "http://cds.cern.ch/record/2266164",
      JOURNAL     = "CMS Physics Analysis Summary",
      VOLUME      =  "CMS-PAS-HIG-17-010",
      YEAR        = "2017"
}
@ARTICLE{CMS-PAS-HIG-12-044,
      COLLABORATION = "CMS",
      TITLE       = "Search for the standard model {H}iggs boson produced in association with {W} or {Z} bosons, and decaying to bottom quarks",
      AUTHOR      = "{CMS Collaboration}",
      URL         = "http://cdsweb.cern.ch/record/1493618",
      JOURNAL     = "CMS Physics Analysis Summary",
      VOLUME      =  "CMS-PAS-HIG-12-044",
      YEAR        = "2012"
}
@ARTICLE{CMS-PAS-HIG-13-012,
      COLLABORATION = "CMS",
      TITLE       = "Search for the standard model {H}iggs boson produced in association with {W or Z} bosons, and decaying to bottom quarks ({LHCP} 2013)",
      AUTHOR      = "{CMS Collaboration}",
      URL         = "http://cdsweb.cern.ch/record/1546801",
      JOURNAL     = "CMS Physics Analysis Summary",
      VOLUME      =  "CMS-PAS-HIG-13-012",
      YEAR        = "2013"
}

@ARTICLE{TOP-11-021,
     AUTHOR       = "CMS Collaboration",
     TITLE        = "Measurement of the single top t-channel cross section in pp collisions at $\sqrt{s}=7\TeV$ using 2011 data",
     JOURNAL      = "CMS Physics Analysis Summary, TOP-11-021",
     VOLUME       = "",
     URL		  = "",
     YEAR         = "2011"}

@ARTICLE{TOP-11-022,
     AUTHOR       = "CMS Collaboration",
     TITLE        = "Search for single top tW associated production in the dilepton decay channel in pp collisions
                     at $\sqrt{s}=7\TeV$",
     JOURNAL      = "CMS Physics Analysis Summary, TOP-11-022",
     VOLUME       = "",
     URL		  = "",
     YEAR         = "2011"}

@ARTICLE{HIG-11-031,
     AUTHOR       = "CMS Collaboration",
     TITLE        = "Search for SM Higgs Produced in Association with a W or Z and Decaying to Bottom Quarks",
     JOURNAL      = "CMS Physics Analysis Summary, HIG-11-031",
     VOLUME       = "",
     URL		  = "",
     YEAR         = "2011"}

@Article{Frederix:2011qg,
     author    = "Frederix, Rikkert and others",
     title     = "{W and Z/gamma* boson production in association with a
                  bottom-antibottom pair}",
     journal   = "JHEP",
     volume    = "09",
     year      = "2011",
     pages     = "061",
     eprint    = "1106.6019",
     archivePrefix = "arXiv",
     primaryClass  =  "hep-ph",
     doi       = "10.1007/JHEP09(2011)061",
     SLACcitation  = "%%CITATION = 1106.6019;%%"
}
@article{Gieseke:2014gka,
      author         = "Gieseke, Stefan and Kasprzik, Tobias and Kahn, Johann
                        H.",
      title          = "{Vector-boson pair production and electroweak corrections
                        in HERWIG++}",
      journal        = "Eur. Phys. J.",
      volume         = "C74",
      year           = "2014",
      number         = "8",
      pages          = "2988",
      doi            = "10.1140/epjc/s10052-014-2988-y",
      eprint         = "1401.3964",
      archivePrefix  = "arXiv",
      primaryClass   = "hep-ph",
      SLACcitation   = "%%CITATION = ARXIV:1401.3964;%%"
}
@MISC{qqzz_kfactor,
NOTE="https://twiki.cern.ch/twiki/bin/viewauth/CMS/HiggsZZ4l2015\#qqZZ"
}
@TECHREPORT{twiki:HZZ4LnnloZZ,
      AUTHOR      = "{HZZ4l Team}",
      TITLE       = "H $\to$ ZZ $\to$ 4l analysis (Initial Run II analysis under development)",
      URL         = "https://twiki.cern.ch/twiki/bin/viewauth/CMS/HiggsZZ4l2015",
      TYPE        = "Twiki Page",
      YEAR        = "2015"
}
@TECHREPORT{talk:SperkaZZcorr,
      AUTHOR      = "David Sperka",
      TITLE       = "Discussion on $k$-factors for ZZ backgrounds", 
      URL         = "https://indico.cern.ch/event/464678/contributions/1139798/attachments/1203955/1753564/HZZ4l_kfactors_Dec10.pdf",
      TYPE        = "Internal talk",
      YEAR        = "2015"
}
@article{Baglio:113005,
      author         = "Baglio, Julien and Ninh, Le Duc and Weber, Marcus M.",
      title          = "{Massive gauge boson pair production at the LHC: a next-to-leading order story}",
      year           = "2013",
      eprint         = "1307.4331",
      archivePrefix  = "arXiv",
      primaryClass   = "hep-ph",
      SLACcitation   = "%%CITATION = ARXIV:1307.4331;%%",
      journal        = "Phys.Rev.",
      volume         = "D88",
      pages          = "113005",
      doi            = "10.1103/PhysRevD.88.113005",
}
@article{Bierweiler:2013dja,
      author         = "Bierweiler, Anastasiya and Kasprzik, Tobias and Kahn, Johann H.",
      title          = "{Vector-boson pair production at the LHC to $\mathcal{O}(\alpha^3)$ accuracy}",
      year           = "2013",
      eprint         = "1305.5402",
      archivePrefix  = "arXiv",
      primaryClass   = "hep-ph",
      SLACcitation   = "%%CITATION = ARXIV:1305.5402;%%",
}

@ARTICLE{AN-10-265,
     AUTHOR       = "Lopes Pegna, D. and Olsen, J. and Schieferdecker, P.",
     TITLE        = "Search for the Standard Model Higgs Boson Produced in Association with a W or Z
     Boson in pp Collisions at $\sqrt{s}=10\TeV$",
     JOURNAL      = "CMS Note",
     VOLUME       = "2010/265",
     URL          = "",
     YEAR         = "2010"}

@ARTICLE{AN-11-240,
     AUTHOR       = "{VHbb Team}",
     TITLE        = "Search for the Standard Model Higgs Boson Produced in Association with a W or Z and Decaying to Bottom Quarks",
     JOURNAL      = "CMS Note",
     VOLUME       = "2011/240",
     URL          = "{http://cms.cern.ch/iCMS/jsp/openfile.jsp?tp=draft&files=AN2011_240_v10.pdf}",
     YEAR         = "2011"}

@ARTICLE{AN-11-430,
     AUTHOR       = "{VHbb Team}",
     TITLE        = "Search for the Standard Model Higgs Boson Produced in Association with a W or Z and Decaying to Bottom Quarks",
     JOURNAL      = "CMS Note",
     VOLUME       = "2011/430",
     URL          = "{http://cms.cern.ch/iCMS/jsp/openfile.jsp?tp=draft&files=AN2011_430_v9.pdf}",
     YEAR         = "2011"}

@ARTICLE{AN-11-065,
     AUTHOR       = "{Higgs PAG}",
     TITLE        = "Trigger Strategies for Higgs Searches",
     JOURNAL      = "CMS Note",
     VOLUME       = "2011/065",
     URL          = "{http://cms.cern.ch/iCMS/jsp/db_notes/noteInfo.jsp?cmsnoteid=CMS%20AN-2011/065}",
     YEAR         = "2011"}


@ARTICLE{AtlasBDRS,
     AUTHOR       = "The ATLAS Collaboration",
     TITLE        = "ATLAS Sensitivity to the Standard Model Higgs in the HW and HZ Channels at High
     Transverse Momenta",
     JOURNAL      = "ATLAS Note",
     VOLUME       = "ATL-PHYS-PUB-2009-088",
     URL          = "",
     YEAR         = "2009"}

@ARTICLE{CMS_NOTE_2006-106,
     AUTHOR       = "Aldaya, M. and Arce, P. and Caballero, J. and de la Cruz, B. and Garcia-Abia, P. and Hernandez, J.M. and Josa, M.I. and Ruiz, E.",
     TITLE        = "Discovery potential and search strategy for the Standard Model {H}iggs boson in the {$H\to ZZ^\star\to 4\mu$} decay channel using a mass-independent analysis",
     JOURNAL      = "CMS Note",
     VOLUME       = "2006/106",
     URL          = "http://cdsweb.cern.ch/record/962058",
     YEAR         = "2006"}


%
% standard article
%
@Article{Brandt:1997gi,
     author    = "Brandt, A. and others",
 collaboration = "UA8",
     title     = "Measurements of single diffraction at $\sqrt{s} =$ 630 {GeV}:
                  Evidence for  a non-linear $\alpha(t)$ of the pomeron",
     journal   = "Nucl. Phys. B",
     volume    = "514",
     year      = "1998",
     pages     = "3-44",
     SLACcitation  = "%%CITATION = HEP-EX 9710004;%%",
     doi       = "10.1016/S0550-3213(97)00813-4"
}
@ARTICLE{Buchmuller:1986zs,
     AUTHOR       = "Buchm{\"u}ller, W. and Wyler, D.",
     TITLE        = "Constraints on SU(5)-type leptoquarks",
     JOURNAL      = "Phys. Lett. B",
     VOLUME       = "177",
     YEAR         = "1986",
     pages        = "p.377",
     SLACcitation  = "%%CITATION = PHLTA,B191,442;%%",
     doi          = "10.1016/0370-2693(86)90771-9"}
@Article{PTDR2,
     author    = "{CMS Collaboration}",
     title     = "{CMS} technical design report, volume {II}: {Physics}
                  performance",
     journal   = "J. Phys. G",
     volume    = "34",
     year      = "2007",
     pages     = "995-1579",
     doi       = "10.1088/0954-3899/34/6/S01",
     SLACcitation  = "%%CITATION = JPHGB,G34,995;%%"
}
@article{Khachatryan:2014gga,
      author         = "Khachatryan, Vardan and others",
      title          = "{Performance of the CMS missing transverse momentum
                        reconstruction in pp data at $\sqrt{s}$ = 8 TeV}",
      collaboration  = "CMS",
      journal        = "JINST",
      volume         = "10",
      year           = "2015",
      number         = "02",
      pages          = "P02006",
      doi            = "10.1088/1748-0221/10/02/P02006",
      eprint         = "1411.0511",
      archivePrefix  = "arXiv",
      primaryClass   = "physics.ins-det",
      reportNumber   = "CMS-JME-13-003, CERN-PH-EP-2014-246",
      SLACcitation   = "%%CITATION = ARXIV:1411.0511;%%"
}
@ARTICLE{JME-10-014,
      AUTHOR      = "{CMS Collaboration}",
      COLLABORATION = {CMS},
      TITLE       = "Jet Energy Resolution in pp Collisions at $\sqrt{s}$=7 {TeV}",
      URL         = "http://cms-physics.web.cern.ch/cms-physics/public/JME-10-014-pas.pdf",
      JOURNAL     = "CMS Physics Analysis Summary",
      VOLUME      = "CMS-PAS-JME-10-014",
      YEAR        = "2010"
}

@ARTICLE{CMS-PAS-BTV-09-001,
      AUTHOR      = "{CMS Collaboration}",
      COLLABORATION = {CMS},
      TITLE       = "Algorithms for b jet identification in CMS",
      URL         = "http://cms-physics.web.cern.ch/cms-physics/public/BTV-09-001-pas.pdf",
      JOURNAL     = "CMS Physics Analysis Summary",
      VOLUME      = "CMS-PAS-BTV-09-001",
      YEAR        = "2009"
}

%SPIRES had this one as R. Adophi, et. al. Wrong.
@Article{CMS:2008zzk,
     author    = "Chatrchyan, S. and others",
     collaboration = "CMS",
     title     = "{The CMS experiment at the CERN LHC}",
     journal   = "JINST",
     volume    = "3",
     year      = "2008",
     pages     = "S08004",
     doi       = "10.1088/1748-0221/3/08/S08004",
     SLACcitation  = "%%CITATION = JINST,3,S08004;%%"
}
%
% We cite PASs as if the CDS collection is a journal. This may be changed to a TECHREPORT.
%
%
% An example of a document which only appears on arXiv
%
%
% A document hosted on a laboratory server
%
@TECHREPORT{Bertram:2000br,
  author = " Bertram, I. and Landsberg, G. and Linnemann, J. and Partridge, R. and Paterno, M. and Prosper, H.B.",
  title =  "A Recipe for the construction of confidence limits",
  institution = "Fermilab",
  number     = "{TM-2104}",
  url = "http://lss.fnal.gov/archive/test-tm/2000/fermilab-tm-2104.pdf",
  year = "2000"
 }
%
% A CMS paper submitted but not yet accepted; The SLACcitation is not necessary. This one is now accepted rather than submitted, however.
%
@Unpublished{Khachatryan:2010mp,
     author    = "{CMS Collaboration}",
     collaboration = "CMS",
     title     = "Search for Pair Production of First-Generation Scalar Leptoquarks in pp Collisions at $\sqrt{s} = 7$ {TeV}",
     note  = "Submitted to \textit{Phys. Rev. Lett.}",
     eprint    = "1012.4031",
     archivePrefix = "arXiv",
     primaryClass  =  "hep-ex",
     year = "2010",
     SLACcitation  = "%%CITATION = 1012.4031;%%"
}



@article{CDFmultiBDT,
      author         = "CDF collaboration",
      title          = "{Search for $H\to b\bar{b}$ using 9.45 fb-1 of CDF II data}",
      year           = "2012",
      eprint         = "CDF note 10799",
      archivePrefix = "",
     primaryClass  =  "",
     SLACcitation  = "" 
}


@ARTICLE{AN-12-181,
     AUTHOR       = "{Hbb subgroup}",
     TITLE        = "Search for the Standard Model Higgs Boson decaying to Bottom Quarks and Produced in Association with a W or a Z Boson",
     JOURNAL      = "CMS Physics Analysis Note",
     VOLUME       = "AN-12-181",
     URL          = "{http://cms-physics.web.cern.ch/cms-physics/public/AN-12-181.pdf}",
     YEAR         = "2011"}

@ARTICLE{AN-12-349,
     AUTHOR       = "{Hbb subgroup}",
     TITLE        = "Search for the Standard Model Higgs Boson decaying to Bottom Quarks and Produced in Association with a W or a Z Boson (HCP)",
     JOURNAL      = "CMS Physics Analysis Note",
     VOLUME       = "AN-12-349",
     URL          = "{http://cms-physics.web.cern.ch/cms-physics/public/AN-12-349.pdf}",
     YEAR         = "2012"}
@ARTICLE{AN-13-069,
     AUTHOR       = "{Hbb subgroup}",
     TITLE        = "Search for the Standard Model Higgs Boson decaying to Bottom Quarks and Produced in Association with a W or a Z Boson (LHCP 2013)",
     JOURNAL      = "CMS Physics Analysis Note",
     VOLUME       = "AN-13-069",
     URL          = "{http://cms-physics.web.cern.ch/cms-physics/public/AN-13-069.pdf}",
     YEAR         = "2013"}

@article{ref:cms-observation,
      author         = "Chatrchyan, Serguei and others",
      title          = "{Observation of a new boson at a mass of 125 GeV with the
                        CMS experiment at the LHC}",
      collaboration  = "CMS Collaboration",
      journal        = "Phys.Lett.",
      volume         = "B716",
      pages          = "30-61",
      doi            = "10.1016/j.physletb.2012.08.021",
      year           = "2012",
      eprint         = "1207.7235",
      archivePrefix  = "arXiv",
      primaryClass   = "hep-ex",
      reportNumber   = "CMS-HIG-12-028, CERN-PH-EP-2012-220",
      SLACcitation   = "%%CITATION = ARXIV:1207.7235;%%",
}

@article{ref:atlas-observation,
      author         = "Aad, Georges and others",
      title          = "{Observation of a new particle in the search for the
                        Standard Model Higgs boson with the ATLAS detector at the
                        LHC}",
      collaboration  = "ATLAS Collaboration",
      journal        = "Phys.Lett.",
      volume         = "B716",
      pages          = "1-29",
      doi            = "10.1016/j.physletb.2012.08.020",
      year           = "2012",
      eprint         = "1207.7214",
      archivePrefix  = "arXiv",
      primaryClass   = "hep-ex",
      reportNumber   = "CERN-PH-EP-2012-218",
      SLACcitation   = "%%CITATION = ARXIV:1207.7214;%%",
}


@article{PhysRevLett.105.022001,
  title = {Seeing in Color: Jet Superstructure},
  author = {Gallicchio, Jason and Schwartz, Matthew D.},
  journal = {Phys. Rev. Lett.},
  volume = {105},
  issue = {2},
  pages = {022001},
  numpages = {4},
  year = {2010},
  month = {Jul},
  doi = {10.1103/PhysRevLett.105.022001},
  url = {http://link.aps.org/doi/10.1103/PhysRevLett.105.022001},
  publisher = {American Physical Society}
}


@article{Tau:2012,
      author      = "{CMS Collaboration}",
      collaboration = {CMS},
      title       = "Performance of $\mtau$-lepton reconstruction and identification in CMS",
      journal     = "JINST",
      volume      = "7",
      year      = "2012",
      pages     = "P01001",
      doi       = "10.1088/1748-0221/7/01/P01001"
}

@TECHREPORT{AN-2015-186,
     AUTHOR       = "Benato, L. and Chang, Y.-H., and Chen, C.-W and de Gruttola, M. and Huang, J.-K. and Khurana, R. and Lacaprara, S. \
                     and Lu, Y.-J. and Pazzini, J. and Pierini\
                    , M. and Tong, H. Y.-S. and Wu, J.-Y. and Yu, S.-S. and Zanetti, M. and Zucchetta, A.",
     TITLE        = "Search for heavy resonances decaying into a vector boson and a Higgs boson in the ($\ell \ell$, $\ell \nu$, $\nu\nu\
                     $) $b\bar{b}$ final state",
     TYPE      = "CMS Analysis Note",
     NUMBER       = "2015/186",
     YEAR         = "2015"
}
@TECHREPORT{CMS-PAS-LUM-15-001,
      COLLABORATION = "CMS",
       title          = "{CMS Luminosity Measurement for the 2015 Data Taking
                        Period}",
      AUTHOR      = "{CMS Collaboration}",
      URL         = "http://cds.cern.ch/record/2138682",
      TYPE        = "CMS Physics Analysis Summary",
      NUMBER      = "CMS-PAS-LUM-15-001",
      INSTITUTION = "CERN",
      YEAR        = "2016"
}
@TECHREPORT{CMS-PAS-JME-10-006,
      INSTITUTION        	= "CERN",
      TITLE       			= "Commissioning of TrackJets in pp Collisions at $\sqrt{s}$=7 {TeV}",
      COLLABORATION  = "CMS",
      URL         			= "http://cdsweb.cern.ch/record/1275133",
      TYPE        			= "CMS Physics Analysis Summary",
      NUMBER      		= "CMS-PAS-JME-10-006",
      YEAR        			= "2010"
}
@TECHREPORT{CMS-PAS-JME-08-001,
      INSTITUTION        	= "CERN",
      TITLE       			= "Performance of Jet Reconstruction with Charged Tracks only",
      COLLABORATION 	= "CMS",
      URL         			= "http://cdsweb.cern.ch/record/1198681",
      TYPE        			= "CMS Physics Analysis Summary",
      NUMBER      		= "CMS-PAS-JME-08-001",
      YEAR        			= "2009"
}

@article{Grojean:2013nya,
      author         = "Grojean, Christophe and Salvioni, Ennio and Schlaffer,
                        Matthias and Weiler, Andreas",
      title          = "{Very boosted Higgs in gluon fusion}",
      journal        = "JHEP",
      volume         = "05",
      year           = "2014",
      pages          = "022",
      doi            = "10.1007/JHEP05(2014)022",
      eprint         = "1312.3317",
      archivePrefix  = "arXiv",
      primaryClass   = "hep-ph",
      reportNumber   = "CERN-PH-TH-2013-292, DESY-13-233",
      SLACcitation   = "%%CITATION = ARXIV:1312.3317;%%"
}

@article{CMS:2016jog,
      author         = "CMS Collaboration",
      title          = "{Search for light vector resonances decaying to quarks at
                        13 TeV}",
      collaboration  = "CMS",
      year           = "2016",
      reportNumber   = "CMS-PAS-EXO-16-030",
      SLACcitation   = "%%CITATION = CMS-PAS-EXO-16-030;%%"
}
@techreport{CMS-PAS-BTV-15-002,
      title         = "{Identification of double-b quark jets in boosted event
                       topologies}",
      institution   = "CERN",
      collaboration = "CMS Collaboration",
      address       = "Geneva",
      number        = "CMS-PAS-BTV-15-002",
      year          = "2016",
      reportNumber  = "CMS-PAS-BTV-15-002",
      url           = "https://cds.cern.ch/record/2195743",
}

@article{Thaler:2010tr,
      author         = "Thaler, Jesse and Van Tilburg, Ken",
      title          = "{Identifying Boosted Objects with N-subjettiness}",
      journal        = "JHEP",
      volume         = "03",
      pages          = "015",
      doi            = "10.1007/JHEP03(2011)015",
      year           = "2011",
      eprint         = "1011.2268",
      archivePrefix  = "arXiv",
      primaryClass   = "hep-ph",
      reportNumber   = "MIT-CTP-4191",
      SLACcitation   = "%%CITATION = ARXIV:1011.2268;%%",
}

@article{Thaler:2011gf,
      author         = "Thaler, Jesse and Van Tilburg, Ken",
      title          = "{Maximizing Boosted Top Identification by Minimizing
                        N-subjettiness}",
      journal        = "JHEP",
      volume         = "02",
      pages          = "093",
      doi            = "10.1007/JHEP02(2012)093",
      year           = "2012",
      eprint         = "1108.2701",
      archivePrefix  = "arXiv",
      primaryClass   = "hep-ph",
      reportNumber   = "MIT-CTP-4287",
      SLACcitation   = "%%CITATION = ARXIV:1108.2701;%%",
}

@article{Stewart:2010tn,
      author         = "Stewart, Iain W. and Tackmann, Frank J. and Waalewijn,
                        Wouter J.",
      title          = "{N-Jettiness: An Inclusive Event Shape to Veto Jets}",
      journal        = "Phys. Rev. Lett.",
      volume         = "105",
      pages          = "092002",
      doi            = "10.1103/PhysRevLett.105.092002",
      year           = "2010",
      eprint         = "1004.2489",
      archivePrefix  = "arXiv",
      primaryClass   = "hep-ph",
      reportNumber   = "MIT-CTP-4139",
      SLACcitation   = "%%CITATION = ARXIV:1004.2489;%%",
}

@techreport{CMS-PAS-BTV-15-001,
      title         = "{Identification of b-quark Jets at the CMS Experiment in the LHC Run2 Startup}",
      institution   = "CERN",
      AUTHOR        = "{CMS Collaboration}",
      collaboration = "CMS",
      number        = "CMS-PAS-BTV-15-001",
      year          = "2016",
      URL           = "https://cds.cern.ch/record/2138504",
      TYPE          = "CMS Physics Analysis Summary",
}

@article{Ellis:2009me,
      author         = "Ellis, Stephen D. and Vermilion, Christopher K. and
                        Walsh, Jonathan R.",
      title          = "{Recombination Algorithms and Jet Substructure: Pruning
                        as a Tool for Heavy Particle Searches}",
      journal        = "Phys. Rev.",
      volume         = "D81",
      year           = "2010",
      pages          = "094023",
      doi            = "10.1103/PhysRevD.81.094023",
      eprint         = "0912.0033",
      archivePrefix  = "arXiv",
      primaryClass   = "hep-ph",
      SLACcitation   = "%%CITATION = ARXIV:0912.0033;%%"
}

@article{Dasgupta:2013ihk,
      author         = "Dasgupta, Mrinal and Fregoso, Alessandro and Marzani,
                        Simone and Salam, Gavin P.",
      title          = "{Towards an understanding of jet substructure}",
      journal        = "JHEP",
      volume         = "09",
      year           = "2013",
      pages          = "029",
      doi            = "10.1007/JHEP09(2013)029",
      eprint         = "1307.0007",
      archivePrefix  = "arXiv",
      primaryClass   = "hep-ph",
      reportNumber   = "CERN-PH-TH-2013-145, DCPT-13-86, IPPP-13-43, LPN13-036,
                        MAN-HEP-2013-12",
      SLACcitation   = "%%CITATION = ARXIV:1307.0007;%%"
}

@article{Larkoski:2013eya,
      author         = "Larkoski, Andrew J. and Salam, Gavin P. and Thaler,
                        Jesse",
      title          = "{Energy Correlation Functions for Jet Substructure}",
      journal        = "JHEP",
      volume         = "06",
      year           = "2013",
      pages          = "108",
      doi            = "10.1007/JHEP06(2013)108",
      eprint         = "1305.0007",
      archivePrefix  = "arXiv",
      primaryClass   = "hep-ph",
      reportNumber   = "MIT-CTP-4446, CERN-PH-TH-2013-066, LPN13-026",
      SLACcitation   = "%%CITATION = ARXIV:1305.0007;%%"
}



@article{Larkoski:2013paa,
      author         = "Larkoski, Andrew J. and Thaler, Jesse",
      title          = "{Unsafe but Calculable: Ratios of Angularities in
                        Perturbative QCD}",
      journal        = "JHEP",
      volume         = "09",
      year           = "2013",
      pages          = "137",
      doi            = "10.1007/JHEP09(2013)137",
      eprint         = "1307.1699",
      archivePrefix  = "arXiv",
      primaryClass   = "hep-ph",
      reportNumber   = "MIT-CTP-4472, MIT--CTP-4472",
      SLACcitation   = "%%CITATION = ARXIV:1307.1699;%%"
}
@article{Larkoski:2014gra,
      author         = "Larkoski, Andrew J. and Moult, Ian and Neill, Duff",
      title          = "{Power Counting to Better Jet Observables}",
      journal        = "JHEP",
      volume         = "12",
      year           = "2014",
      pages          = "009",
      doi            = "10.1007/JHEP12(2014)009",
      eprint         = "1409.6298",
      archivePrefix  = "arXiv",
      primaryClass   = "hep-ph",
      reportNumber   = "MIT--CTP-4588",
      SLACcitation   = "%%CITATION = ARXIV:1409.6298;%%"
}


@article{Ellis:2009su,
      author         = "Ellis, Stephen D. and Vermilion, Christopher K. and
                        Walsh, Jonathan R.",
      title          = "{Techniques for improved heavy particle searches with jet
                        substructure}",
      journal        = "Phys. Rev.",
      volume         = "D80",
      year           = "2009",
      pages          = "051501",
      doi            = "10.1103/PhysRevD.80.051501",
      eprint         = "0903.5081",
      archivePrefix  = "arXiv",
      primaryClass   = "hep-ph",
      SLACcitation   = "%%CITATION = ARXIV:0903.5081;%%"
}
@article{CMS:2010bta,
      title          = "{Electron reconstruction and identification at sqrt(s) =
                        7 TeV}",
      collaboration  = "CMS",
      year           = "2010",
      reportNumber   = "CMS-PAS-EGM-10-004",
      SLACcitation   = "%%CITATION = CMS-PAS-EGM-10-004;%%"
}

@techreport{CMS-PAS-TOP-16-011,
      title         = "{Measurement of the differential cross section for
                       $\mathrm{t \bar t}$ production in the dilepton final state
                       at $\sqrt{s}=13~\mathrm{TeV}$}",
      institution   = "CERN",
      collaboration = "CMS Collaboration",
      address       = "Geneva",
      number        = "CMS-PAS-TOP-16-011",
      year          = "2016",
      reportNumber  = "CMS-PAS-TOP-16-011",
      url           = "https://cds.cern.ch/record/2140061",
}
@article{Khachatryan:2016mnb,
      author         = "Khachatryan, Vardan and others",
      title          = "{Measurement of differential cross sections for top quark
                        pair production using the lepton+jets final state in
                        proton-proton collisions at 13 TeV}",
      collaboration  = "CMS",
      journal        = "Submitted to: Phys. Rev. D",
      year           = "2016",
      eprint         = "1610.04191",
      archivePrefix  = "arXiv",
      primaryClass   = "hep-ex",
      reportNumber   = "CMS-TOP-16-008, CERN-EP-2016-227",
      SLACcitation   = "%%CITATION = ARXIV:1610.04191;%%"
}

@article{Buschmann:2014sia,
      author         = "Buschmann, Malte and Goncalves, Dorival and Kuttimalai,
                        Silvan and Schonherr, Marek and Krauss, Frank and Plehn,
                        Tilman",
      title          = "{Mass Effects in the Higgs-Gluon Coupling: Boosted vs
                        Off-Shell Production}",
      journal        = "JHEP",
      volume         = "02",
      year           = "2015",
      pages          = "038",
      doi            = "10.1007/JHEP02(2015)038",
      eprint         = "1410.5806",
      archivePrefix  = "arXiv",
      primaryClass   = "hep-ph",
      reportNumber   = "IPPP-14-93, DCPT-14-186",
      SLACcitation   = "%%CITATION = ARXIV:1410.5806;%%"
}


@article{Baker:1983tu,
      author         = "Baker, Steve and Cousins, Robert D.",
      title          = "{Clarification of the Use of Chi Square and Likelihood
                        Functions in Fits to Histograms}",
      journal        = "Nucl. Instrum. Meth.",
      volume         = "221",
      year           = "1984",
      pages          = "437-442",
      doi            = "10.1016/0167-5087(84)90016-4",
      reportNumber   = "UCLA-HEP-83-3",
      SLACcitation   = "%%CITATION = NUIMA,221,437;%%"
}

@TECHREPORT{AN-16-215,
  author = "{T. K. Aarrestad et al.}",
  title =  "{Identification and calibration of boosted hadronic W/Z bosons at 13 TeV}",
  institution = "AN-2016/215",
  year = "2016",
  url="{http://cms.cern.ch/iCMS/jsp/db_notes/noteInfo.jsp?cmsnoteid=CMS%20AN-2016/215}"
}
 
@TECHREPORT{AN-16-377,
  author = "{VH team}",
  title = "{Search for heavy resonances decaying into a vector boson and a Higgs boson in the all-hadronic final states}",
  institution = "AN-2016/377",
  year = "2016",
  url="{http://cms.cern.ch/iCMS/jsp/db_notes/noteInfo.jsp?cmsnoteid=CMS%20AN-2016/377}"
}
@TECHREPORT{AN-16-300,
  author = "{HH team}",
  title = "{Search for heavy resonances decaying to a pair of Higgs bosons in four b quark final state with 2016 data}",
  institution = "AN-2016/300",
  year = "2016",
  url="{http://cms.cern.ch/iCMS/jsp/db_notes/noteInfo.jsp?cmsnoteid=CMS%20AN-2016/300}"
}


@techreport{CMS-PAS-JME-16-003,
        Address = {Geneva},
        Collaboration = {CMS Collaboration},
        Institution = {CERN},
        Number = {CMS-PAS-JME-16-003},
        Reportnumber = {CMS-PAS-JME-16-003},
        Title = {{Jet algorithms performance in 13 TeV data}},
        Url = {http://cms.cern.ch/iCMS/analysisadmin/cadilines?line=JME-16-003},
        Year = {2016},
        Bdsk-Url-1 = {http://cms.cern.ch/iCMS/analysisadmin/cadilines?line=JME-16-003}
}

@TECHREPORT{AN-2016-365,
      author         = "{Nhan Tran et al.}",
      title          = "{Search for boosted light dijet resonances with an associated jet with 2016 data}",
      year           = "2016",
       institution = "AN-2016/365",
      url ="{http://cms.cern.ch/iCMS/jsp/db_notes/noteInfo.jsp?cmsnoteid=CMS%20AN-2016/365}"	
}

@Misc{CMS-JEC-TWIKI,
  author = {CMS JME POG},
  title = {Recommended Jet Energy Corrections and Uncertainties For Data and MC},
  year = 2017,
  howpublished = {\url{https://twiki.cern.ch/twiki/bin/view/CMS/JECDataMC}},
  urldate = {2017}
}

@article{Moult:2016cvt,
      author         = "Moult, Ian and Necib, Lina and Thaler, Jesse",
      title          = "{New Angles on Energy Correlation Functions}",
      year           = "2016",
      eprint         = "1609.07483",
      archivePrefix  = "arXiv",
      primaryClass   = "hep-ph",
      reportNumber   = "MIT-CTP-4825",
      SLACcitation   = "%%CITATION = ARXIV:1609.07483;%%"
}
